[{"id": "783040831", "price": 883.95, "amount": 0.08, "side": "buy", "timestamp": 1764998530407}, {"id": "783040832", "price": 883.96, "amount": 1.09, "side": "buy", "timestamp": 1764998530407}, {"id": "783040833", "price": 883.97, "amount": 0.33, "side": "buy", "timestamp": 1764998530409}, {"id": "783040834", "price": 883.98, "amount": 0.01, "side": "buy", "timestamp": 1764998530409}, {"id": "783040835", "price": 883.99, "amount": 0.06, "side": "buy", "timestamp": 1764998530410}, {"id": "783040836", "price": 883.98, "amount": 0.02, "side": "sell", "timestamp": 1764998530421}, {"id": "783040837", "price": 884.01, "amount": 0.01, "side": "buy", "timestamp": 1764998530510}, {"id": "783040838", "price": 884.02, "amount": 0.1, "side": "buy", "timestamp": 1764998530510}, {"id": "783040839", "price": 884.03, "amount": 0.03, "side": "buy", "timestamp": 1764998530510}, {"id": "783040840", "price": 884.04, "amount": 0.06, "side": "buy", "timestamp": 1764998530510}, {"id": "783040841", "price": 884.05, "amount": 0.13, "side": "sell", "timestamp": 1764998530603}, {"id": "783040842", "price": 884.05, "amount": 0.02, "side": "sell", "timestamp": 1764998531434}, {"id": "783040843", "price": 884.05, "amount": 0.01, "side": "sell", "timestamp": 1764998531662}, {"id": "783040844", "price": 884.05, "amount": 0.4, "side": "sell", "timestamp": 1764998531846}, {"id": "783040845", "price": 884.05, "amount": 0.02, "side": "sell", "timestamp": 1764998532445}, {"id": "783040846", "price": 884.05, "amount": 0.02, "side": "sell", "timestamp": 1764998532547}, {"id": "783040847", "price": 884.06, "amount": 3.21, "side": "buy", "timestamp": 1764998532717}, {"id": "783040848", "price": 884.07, "amount": 0.24, "side": "buy", "timestamp": 1764998532720}, {"id": "783040849", "price": 884.08, "amount": 0.01, "side": "buy", "timestamp": 1764998532720}, {"id": "783040850", "price": 884.09, "amount": 0.59, "side": "buy", "timestamp": 1764998532723}, {"id": "783040851", "price": 884.1, "amount": 0.02, "side": "buy", "timestamp": 1764998532723}, {"id": "783040852", "price": 884.11, "amount": 0.02, "side": "buy", "timestamp": 1764998532725}, {"id": "783040853", "price": 884.12, "amount": 0.18, "side": "buy", "timestamp": 1764998532758}, {"id": "783040854", "price": 884.12, "amount": 0.09, "side": "sell", "timestamp": 1764998532920}, {"id": "783040855", "price": 884.12, "amount": 0.03, "side": "sell", "timestamp": 1764998533465}, {"id": "783040856", "price": 884.12, "amount": 0.02, "side": "sell", "timestamp": 1764998534489}, {"id": "783040857", "price": 884.13, "amount": 0.04, "side": "buy", "timestamp": 1764998534662}, {"id": "783040858", "price": 884.12, "amount": 0.02, "side": "sell", "timestamp": 1764998535512}, {"id": "783040859", "price": 884.14, "amount": 0.01, "side": "buy", "timestamp": 1764998536460}, {"id": "783040860", "price": 884.13, "amount": 0.02, "side": "sell", "timestamp": 1764998536534}, {"id": "783040861", "price": 884.14, "amount": 0.01, "side": "buy", "timestamp": 1764998536931}, {"id": "783040862", "price": 884.13, "amount": 0.02, "side": "sell", "timestamp": 1764998537558}, {"id": "783040863", "price": 884.13, "amount": 1.0, "side": "sell", "timestamp": 1764998537858}, {"id": "783040864", "price": 884.12, "amount": 0.34, "side": "sell", "timestamp": 1764998537858}, {"id": "783040865", "price": 884.11, "amount": 0.02, "side": "sell", "timestamp": 1764998538579}, {"id": "783040866", "price": 884.11, "amount": 0.36, "side": "sell", "timestamp": 1764998539230}, {"id": "783040867", "price": 884.1, "amount": 0.04, "side": "sell", "timestamp": 1764998539232}, {"id": "783040868", "price": 884.09, "amount": 0.02, "side": "sell", "timestamp": 1764998539329}, {"id": "783040869", "price": 884.08, "amount": 0.01, "side": "sell", "timestamp": 1764998539329}, {"id": "783040870", "price": 884.07, "amount": 0.01, "side": "sell", "timestamp": 1764998539329}, {"id": "783040871", "price": 884.06, "amount": 0.02, "side": "sell", "timestamp": 1764998539329}, {"id": "783040872", "price": 884.05, "amount": 0.12, "side": "sell", "timestamp": 1764998539329}, {"id": "783040873", "price": 884.04, "amount": 0.02, "side": "sell", "timestamp": 1764998539602}, {"id": "783040874", "price": 884.04, "amount": 0.15, "side": "sell", "timestamp": 1764998540623}, {"id": "783040875", "price": 884.04, "amount": 0.01, "side": "sell", "timestamp": 1764998541379}, {"id": "783040876", "price": 884.04, "amount": 0.02, "side": "sell", "timestamp": 1764998541654}, {"id": "783040877", "price": 884.04, "amount": 0.47, "side": "sell", "timestamp": 1764998542293}, {"id": "783040878", "price": 884.04, "amount": 0.11, "side": "sell", "timestamp": 1764998542402}, {"id": "783040879", "price": 884.04, "amount": 4.85, "side": "sell", "timestamp": 1764998542570}, {"id": "783040880", "price": 884.04, "amount": 0.02, "side": "sell", "timestamp": 1764998542673}, {"id": "783040937", "price": 883.9, "amount": 0.02, "side": "sell", "timestamp": 1764998575279}, {"id": "783040938", "price": 883.9, "amount": 0.02, "side": "sell", "timestamp": 1764998576288}, {"id": "783040939", "price": 883.9, "amount": 0.11, "side": "sell", "timestamp": 1764998576712}, {"id": "783040940", "price": 883.9, "amount": 0.02, "side": "sell", "timestamp": 1764998577297}, {"id": "783040941", "price": 883.9, "amount": 0.02, "side": "sell", "timestamp": 1764998578306}, {"id": "783040942", "price": 883.9, "amount": 0.02, "side": "sell", "timestamp": 1764998579314}, {"id": "783040943", "price": 883.91, "amount": 0.01, "side": "buy", "timestamp": 1764998579750}, {"id": "783040944", "price": 883.9, "amount": 0.02, "side": "sell", "timestamp": 1764998580323}, {"id": "783040945", "price": 883.91, "amount": 0.04, "side": "buy", "timestamp": 1764998581099}, {"id": "783040946", "price": 883.9, "amount": 0.02, "side": "sell", "timestamp": 1764998581333}, {"id": "783040947", "price": 883.9, "amount": 0.01, "side": "sell", "timestamp": 1764998581577}, {"id": "783040948", "price": 883.9, "amount": 0.02, "side": "sell", "timestamp": 1764998582342}, {"id": "783040949", "price": 883.9, "amount": 0.06, "side": "sell", "timestamp": 1764998582721}, {"id": "783040950", "price": 883.9, "amount": 0.02, "side": "sell", "timestamp": 1764998583363}, {"id": "783040951", "price": 883.9, "amount": 10.0, "side": "sell", "timestamp": 1764998583660}, {"id": "783040952", "price": 883.9, "amount": 0.02, "side": "sell", "timestamp": 1764998584385}, {"id": "783040953", "price": 883.9, "amount": 0.02, "side": "sell", "timestamp": 1764998585406}, {"id": "783040954", "price": 883.9, "amount": 0.02, "side": "sell", "timestamp": 1764998586427}, {"id": "783040955", "price": 883.9, "amount": 2.57, "side": "sell", "timestamp": 1764998586623}, {"id": "783040956", "price": 883.9, "amount": 0.02, "side": "sell", "timestamp": 1764998587450}, {"id": "783040957", "price": 883.9, "amount": 0.02, "side": "sell", "timestamp": 1764998588472}, {"id": "783040958", "price": 883.9, "amount": 0.14, "side": "sell", "timestamp": 1764998589496}, {"id": "783040959", "price": 883.9, "amount": 4.3, "side": "sell", "timestamp": 1764998589820}, {"id": "783040960", "price": 883.9, "amount": 0.03, "side": "sell", "timestamp": 1764998590049}, {"id": "783040961", "price": 883.9, "amount": 0.12, "side": "sell", "timestamp": 1764998590199}, {"id": "783040962", "price": 883.9, "amount": 0.12, "side": "sell", "timestamp": 1764998590362}, {"id": "783040963", "price": 883.9, "amount": 0.02, "side": "sell", "timestamp": 1764998590515}, {"id": "783040964", "price": 883.9, "amount": 0.02, "side": "sell", "timestamp": 1764998591538}, {"id": "783040965", "price": 883.91, "amount": 5.04, "side": "buy", "timestamp": 1764998591578}, {"id": "783040966", "price": 883.92, "amount": 0.02, "side": "buy", "timestamp": 1764998591587}, {"id": "783040967", "price": 883.93, "amount": 0.47, "side": "buy", "timestamp": 1764998591910}, {"id": "783040968", "price": 883.98, "amount": 0.03, "side": "buy", "timestamp": 1764998591912}, {"id": "783040969", "price": 883.99, "amount": 1.28, "side": "buy", "timestamp": 1764998591912}, {"id": "783040970", "price": 884.0, "amount": 0.03, "side": "buy", "timestamp": 1764998591998}, {"id": "783040971", "price": 884.01, "amount": 0.01, "side": "buy", "timestamp": 1764998591998}, {"id": "783040972", "price": 884.01, "amount": 0.02, "side": "sell", "timestamp": 1764998592559}, {"id": "783040973", "price": 884.02, "amount": 0.24, "side": "buy", "timestamp": 1764998593014}, {"id": "783040974", "price": 884.03, "amount": 4.03, "side": "buy", "timestamp": 1764998593502}, {"id": "783040975", "price": 884.04, "amount": 0.04, "side": "buy", "timestamp": 1764998593504}, {"id": "783040976", "price": 884.05, "amount": 0.01, "side": "buy", "timestamp": 1764998593504}, {"id": "783040977", "price": 884.06, "amount": 0.29, "side": "buy", "timestamp": 1764998593504}, {"id": "783040978", "price": 884.07, "amount": 2.22, "side": "buy", "timestamp": 1764998593504}, {"id": "783040979", "price": 884.08, "amount": 0.37, "side": "buy", "timestamp": 1764998593505}, {"id": "783040980", "price": 884.09, "amount": 3.85, "side": "buy", "timestamp": 1764998593508}, {"id": "783040981", "price": 884.1, "amount": 4.26, "side": "buy", "timestamp": 1764998593509}, {"id": "783040982", "price": 884.11, "amount": 4.01, "side": "buy", "timestamp": 1764998593509}, {"id": "783040983", "price": 884.13, "amount": 16.54, "side": "buy", "timestamp": 1764998593516}, {"id": "783040984", "price": 884.14, "amount": 0.06, "side": "buy", "timestamp": 1764998593567}, {"id": "783040985", "price": 884.13, "amount": 0.02, "side": "sell", "timestamp": 1764998593627}, {"id": "783040986", "price": 884.14, "amount": 0.33, "side": "buy", "timestamp": 1764998593718}, {"id": "783041044", "price": 884.02, "amount": 0.25, "side": "sell", "timestamp": 1764998617589}, {"id": "783041045", "price": 884.01, "amount": 0.01, "side": "sell", "timestamp": 1764998617589}, {"id": "783041046", "price": 884.0, "amount": 1.55, "side": "sell", "timestamp": 1764998617589}, {"id": "783041047", "price": 883.98, "amount": 0.41, "side": "sell", "timestamp": 1764998617589}, {"id": "783041048", "price": 883.97, "amount": 1.19, "side": "sell", "timestamp": 1764998617589}, {"id": "783041049", "price": 883.95, "amount": 0.02, "side": "sell", "timestamp": 1764998617590}, {"id": "783041050", "price": 883.94, "amount": 0.06, "side": "sell", "timestamp": 1764998617614}, {"id": "783041051", "price": 883.93, "amount": 0.02, "side": "sell", "timestamp": 1764998618227}, {"id": "783041052", "price": 883.93, "amount": 0.02, "side": "sell", "timestamp": 1764998619249}, {"id": "783041053", "price": 883.94, "amount": 3.39, "side": "buy", "timestamp": 1764998619468}, {"id": "783041054", "price": 883.93, "amount": 0.07, "side": "sell", "timestamp": 1764998619842}, {"id": "783041055", "price": 883.93, "amount": 0.02, "side": "sell", "timestamp": 1764998620272}, {"id": "783041056", "price": 883.93, "amount": 0.02, "side": "sell", "timestamp": 1764998621294}, {"id": "783041057", "price": 883.93, "amount": 1.12, "side": "sell", "timestamp": 1764998622056}, {"id": "783041058", "price": 883.92, "amount": 0.01, "side": "sell", "timestamp": 1764998622056}, {"id": "783041059", "price": 883.9, "amount": 0.01, "side": "sell", "timestamp": 1764998622114}, {"id": "783041060", "price": 883.9, "amount": 0.02, "side": "sell", "timestamp": 1764998622318}, {"id": "783041061", "price": 883.91, "amount": 0.06, "side": "buy", "timestamp": 1764998623067}, {"id": "783041062", "price": 883.92, "amount": 0.02, "side": "buy", "timestamp": 1764998623108}, {"id": "783041063", "price": 883.93, "amount": 0.02, "side": "sell", "timestamp": 1764998623355}, {"id": "783041064", "price": 883.93, "amount": 0.02, "side": "sell", "timestamp": 1764998624377}, {"id": "783041065", "price": 883.93, "amount": 4.51, "side": "sell", "timestamp": 1764998624892}, {"id": "783041066", "price": 883.93, "amount": 0.02, "side": "sell", "timestamp": 1764998625397}, {"id": "783041067", "price": 883.94, "amount": 0.01, "side": "buy", "timestamp": 1764998625545}, {"id": "783041068", "price": 883.93, "amount": 0.02, "side": "sell", "timestamp": 1764998626417}, {"id": "783041069", "price": 883.93, "amount": 0.02, "side": "sell", "timestamp": 1764998627441}, {"id": "783041070", "price": 883.94, "amount": 10.0, "side": "buy", "timestamp": 1764998627980}, {"id": "783041071", "price": 883.93, "amount": 0.36, "side": "sell", "timestamp": 1764998628096}, {"id": "783041072", "price": 883.93, "amount": 0.03, "side": "sell", "timestamp": 1764998628465}, {"id": "783041073", "price": 883.93, "amount": 0.02, "side": "sell", "timestamp": 1764998629474}, {"id": "783041074", "price": 883.93, "amount": 0.02, "side": "sell", "timestamp": 1764998630483}, {"id": "783041075", "price": 883.93, "amount": 0.07, "side": "sell", "timestamp": 1764998631184}, {"id": "783041076", "price": 883.93, "amount": 0.02, "side": "sell", "timestamp": 1764998631505}, {"id": "783041077", "price": 883.93, "amount": 0.02, "side": "sell", "timestamp": 1764998632523}, {"id": "783041078", "price": 883.93, "amount": 0.02, "side": "sell", "timestamp": 1764998633534}, {"id": "783041079", "price": 883.93, "amount": 0.02, "side": "sell", "timestamp": 1764998634556}, {"id": "783041080", "price": 883.93, "amount": 0.02, "side": "sell", "timestamp": 1764998635565}, {"id": "783041081", "price": 883.93, "amount": 0.02, "side": "sell", "timestamp": 1764998636573}, {"id": "783041082", "price": 883.94, "amount": 0.01, "side": "buy", "timestamp": 1764998637528}, {"id": "783041083", "price": 883.93, "amount": 0.02, "side": "sell", "timestamp": 1764998637594}, {"id": "783041084", "price": 883.93, "amount": 0.02, "side": "sell", "timestamp": 1764998638606}, {"id": "783041085", "price": 883.94, "amount": 0.01, "side": "buy", "timestamp": 1764998638761}, {"id": "783041086", "price": 883.93, "amount": 0.03, "side": "sell", "timestamp": 1764998639628}, {"id": "783041087", "price": 883.93, "amount": 0.04, "side": "sell", "timestamp": 1764998640650}, {"id": "783041088", "price": 883.93, "amount": 0.02, "side": "sell", "timestamp": 1764998641670}, {"id": "783041089", "price": 883.93, "amount": 0.02, "side": "sell", "timestamp": 1764998642691}, {"id": "783041090", "price": 883.93, "amount": 0.02, "side": "sell", "timestamp": 1764998643725}, {"id": "783041091", "price": 883.93, "amount": 0.02, "side": "sell", "timestamp": 1764998644747}, {"id": "783041092", "price": 883.93, "amount": 4.85, "side": "sell", "timestamp": 1764998644892}, {"id": "783041093", "price": 883.93, "amount": 0.02, "side": "sell", "timestamp": 1764998645766}, {"id": "783041164", "price": 884.28, "amount": 0.02, "side": "sell", "timestamp": 1764998665219}, {"id": "783041165", "price": 884.28, "amount": 0.02, "side": "sell", "timestamp": 1764998666240}, {"id": "783041166", "price": 884.28, "amount": 0.02, "side": "sell", "timestamp": 1764998667263}, {"id": "783041167", "price": 884.28, "amount": 0.02, "side": "sell", "timestamp": 1764998668283}, {"id": "783041168", "price": 884.28, "amount": 0.02, "side": "sell", "timestamp": 1764998669306}, {"id": "783041169", "price": 884.28, "amount": 4.97, "side": "sell", "timestamp": 1764998670097}, {"id": "783041170", "price": 884.26, "amount": 5.78, "side": "sell", "timestamp": 1764998670230}, {"id": "783041171", "price": 884.24, "amount": 0.11, "side": "sell", "timestamp": 1764998670233}, {"id": "783041172", "price": 884.22, "amount": 0.02, "side": "sell", "timestamp": 1764998670336}, {"id": "783041173", "price": 884.22, "amount": 0.02, "side": "sell", "timestamp": 1764998671360}, {"id": "783041174", "price": 884.22, "amount": 0.02, "side": "sell", "timestamp": 1764998672384}, {"id": "783041175", "price": 884.22, "amount": 0.02, "side": "sell", "timestamp": 1764998673406}, {"id": "783041176", "price": 884.22, "amount": 0.11, "side": "sell", "timestamp": 1764998674075}, {"id": "783041177", "price": 884.22, "amount": 0.02, "side": "sell", "timestamp": 1764998674431}, {"id": "783041178", "price": 884.23, "amount": 0.04, "side": "buy", "timestamp": 1764998674818}, {"id": "783041179", "price": 884.22, "amount": 0.02, "side": "sell", "timestamp": 1764998675452}, {"id": "783041180", "price": 884.22, "amount": 0.01, "side": "sell", "timestamp": 1764998675667}, {"id": "783041181", "price": 884.22, "amount": 0.02, "side": "sell", "timestamp": 1764998676474}, {"id": "783041182", "price": 884.23, "amount": 1.13, "side": "buy", "timestamp": 1764998677418}, {"id": "783041183", "price": 884.22, "amount": 0.02, "side": "sell", "timestamp": 1764998677495}, {"id": "783041184", "price": 884.22, "amount": 0.02, "side": "sell", "timestamp": 1764998678515}, {"id": "783041185", "price": 884.22, "amount": 0.02, "side": "sell", "timestamp": 1764998679537}, {"id": "783041186", "price": 884.22, "amount": 0.02, "side": "sell", "timestamp": 1764998680559}, {"id": "783041187", "price": 884.23, "amount": 0.07, "side": "buy", "timestamp": 1764998681059}, {"id": "783041188", "price": 884.22, "amount": 0.02, "side": "sell", "timestamp": 1764998681580}, {"id": "783041189", "price": 884.23, "amount": 0.73, "side": "buy", "timestamp": 1764998681957}, {"id": "783041190", "price": 884.26, "amount": 0.02, "side": "sell", "timestamp": 1764998682602}, {"id": "783041191", "price": 884.26, "amount": 0.02, "side": "sell", "timestamp": 1764998683623}, {"id": "783041192", "price": 884.26, "amount": 0.16, "side": "sell", "timestamp": 1764998684284}, {"id": "783041193", "price": 884.27, "amount": 1.01, "side": "buy", "timestamp": 1764998684614}, {"id": "783041194", "price": 884.28, "amount": 0.04, "side": "buy", "timestamp": 1764998684622}, {"id": "783041195", "price": 884.28, "amount": 0.02, "side": "sell", "timestamp": 1764998684657}, {"id": "783041196", "price": 884.28, "amount": 0.02, "side": "sell", "timestamp": 1764998685671}, {"id": "783041197", "price": 884.28, "amount": 0.02, "side": "sell", "timestamp": 1764998686694}, {"id": "783041198", "price": 884.28, "amount": 0.02, "side": "sell", "timestamp": 1764998687715}, {"id": "783041199", "price": 884.28, "amount": 0.13, "side": "sell", "timestamp": 1764998688612}, {"id": "783041200", "price": 884.28, "amount": 0.02, "side": "sell", "timestamp": 1764998688736}, {"id": "783041201", "price": 884.29, "amount": 1.13, "side": "buy", "timestamp": 1764998689279}, {"id": "783041202", "price": 884.3, "amount": 0.03, "side": "buy", "timestamp": 1764998689280}, {"id": "783041203", "price": 884.3, "amount": 0.02, "side": "sell", "timestamp": 1764998689746}, {"id": "783041204", "price": 884.31, "amount": 0.1, "side": "buy", "timestamp": 1764998689763}, {"id": "783041205", "price": 884.3, "amount": 0.02, "side": "sell", "timestamp": 1764998690767}, {"id": "783041206", "price": 884.3, "amount": 0.02, "side": "sell", "timestamp": 1764998691778}, {"id": "783041207", "price": 884.3, "amount": 0.02, "side": "sell", "timestamp": 1764998692787}, {"id": "783041208", "price": 884.3, "amount": 0.02, "side": "sell", "timestamp": 1764998693796}, {"id": "783041209", "price": 884.31, "amount": 3.22, "side": "buy", "timestamp": 1764998694150}, {"id": "783041210", "price": 884.3, "amount": 0.02, "side": "sell", "timestamp": 1764998694817}, {"id": "783041211", "price": 884.3, "amount": 0.02, "side": "sell", "timestamp": 1764998695838}, {"id": "783041212", "price": 884.3, "amount": 0.09, "side": "sell", "timestamp": 1764998696550}, {"id": "783041213", "price": 884.3, "amount": 0.02, "side": "sell", "timestamp": 1764998696860}, {"id": "783041294", "price": 884.12, "amount": 0.01, "side": "sell", "timestamp": 1764998728535}, {"id": "783041295", "price": 884.11, "amount": 0.18, "side": "sell", "timestamp": 1764998728535}, {"id": "783041296", "price": 884.11, "amount": 0.04, "side": "sell", "timestamp": 1764998728918}, {"id": "783041297", "price": 884.1, "amount": 0.07, "side": "sell", "timestamp": 1764998728918}, {"id": "783041298", "price": 884.08, "amount": 0.18, "side": "sell", "timestamp": 1764998729109}, {"id": "783041299", "price": 884.07, "amount": 0.01, "side": "sell", "timestamp": 1764998729111}, {"id": "783041300", "price": 884.06, "amount": 0.04, "side": "sell", "timestamp": 1764998729111}, {"id": "783041301", "price": 884.05, "amount": 0.01, "side": "sell", "timestamp": 1764998729111}, {"id": "783041302", "price": 884.04, "amount": 0.02, "side": "sell", "timestamp": 1764998729574}, {"id": "783041303", "price": 884.04, "amount": 0.01, "side": "sell", "timestamp": 1764998729948}, {"id": "783041304", "price": 884.04, "amount": 0.02, "side": "sell", "timestamp": 1764998730604}, {"id": "783041305", "price": 884.04, "amount": 0.22, "side": "sell", "timestamp": 1764998731065}, {"id": "783041306", "price": 884.03, "amount": 0.05, "side": "sell", "timestamp": 1764998731065}, {"id": "783041307", "price": 884.01, "amount": 0.07, "side": "sell", "timestamp": 1764998731065}, {"id": "783041308", "price": 884.0, "amount": 0.02, "side": "sell", "timestamp": 1764998731065}, {"id": "783041309", "price": 883.98, "amount": 0.08, "side": "sell", "timestamp": 1764998731079}, {"id": "783041310", "price": 883.96, "amount": 0.06, "side": "sell", "timestamp": 1764998731127}, {"id": "783041311", "price": 883.95, "amount": 0.47, "side": "sell", "timestamp": 1764998731127}, {"id": "783041312", "price": 883.94, "amount": 0.04, "side": "sell", "timestamp": 1764998731127}, {"id": "783041313", "price": 883.93, "amount": 0.02, "side": "sell", "timestamp": 1764998731625}, {"id": "783041314", "price": 883.93, "amount": 0.76, "side": "sell", "timestamp": 1764998732006}, {"id": "783041315", "price": 883.92, "amount": 0.03, "side": "sell", "timestamp": 1764998732008}, {"id": "783041316", "price": 883.91, "amount": 0.15, "side": "sell", "timestamp": 1764998732008}, {"id": "783041317", "price": 883.9, "amount": 0.01, "side": "sell", "timestamp": 1764998732011}, {"id": "783041318", "price": 883.89, "amount": 0.09, "side": "sell", "timestamp": 1764998732011}, {"id": "783041319", "price": 883.89, "amount": 8.0, "side": "buy", "timestamp": 1764998732030}, {"id": "783041320", "price": 883.88, "amount": 0.02, "side": "sell", "timestamp": 1764998732648}, {"id": "783041321", "price": 883.88, "amount": 0.04, "side": "sell", "timestamp": 1764998733075}, {"id": "783041322", "price": 883.87, "amount": 0.02, "side": "sell", "timestamp": 1764998733669}, {"id": "783041323", "price": 883.87, "amount": 2.0, "side": "sell", "timestamp": 1764998733933}, {"id": "783041324", "price": 883.87, "amount": 0.03, "side": "sell", "timestamp": 1764998734690}, {"id": "783041325", "price": 883.87, "amount": 0.02, "side": "sell", "timestamp": 1764998735713}, {"id": "783041326", "price": 883.87, "amount": 0.02, "side": "sell", "timestamp": 1764998736736}, {"id": "783041327", "price": 883.87, "amount": 0.02, "side": "sell", "timestamp": 1764998737759}, {"id": "783041328", "price": 883.88, "amount": 0.02, "side": "buy", "timestamp": 1764998737930}, {"id": "783041329", "price": 883.87, "amount": 0.02, "side": "sell", "timestamp": 1764998738779}, {"id": "783041330", "price": 883.87, "amount": 5.47, "side": "sell", "timestamp": 1764998739799}, {"id": "783041331", "price": 883.87, "amount": 0.01, "side": "sell", "timestamp": 1764998740032}, {"id": "783041332", "price": 883.87, "amount": 0.02, "side": "sell", "timestamp": 1764998740823}, {"id": "783041333", "price": 883.87, "amount": 0.02, "side": "sell", "timestamp": 1764998741846}, {"id": "783041334", "price": 883.87, "amount": 0.11, "side": "sell", "timestamp": 1764998742292}, {"id": "783041335", "price": 883.87, "amount": 0.42, "side": "sell", "timestamp": 1764998742838}, {"id": "783041336", "price": 883.87, "amount": 0.02, "side": "sell", "timestamp": 1764998743868}, {"id": "783041337", "price": 883.87, "amount": 1.33, "side": "sell", "timestamp": 1764998744112}, {"id": "783041338", "price": 883.87, "amount": 0.23, "side": "sell", "timestamp": 1764998744685}, {"id": "783041339", "price": 883.87, "amount": 0.02, "side": "sell", "timestamp": 1764998744891}, {"id": "783041340", "price": 883.87, "amount": 0.02, "side": "sell", "timestamp": 1764998745903}, {"id": "783041341", "price": 883.87, "amount": 0.02, "side": "sell", "timestamp": 1764998746926}, {"id": "783041342", "price": 883.87, "amount": 0.01, "side": "sell", "timestamp": 1764998747661}, {"id": "783041343", "price": 883.87, "amount": 0.02, "side": "sell", "timestamp": 1764998747948}, {"id": "783041422", "price": 883.53, "amount": 0.02, "side": "sell", "timestamp": 1764998775143}, {"id": "783041423", "price": 883.54, "amount": 2.0, "side": "buy", "timestamp": 1764998775170}, {"id": "783041424", "price": 883.54, "amount": 1.56, "side": "buy", "timestamp": 1764998775410}, {"id": "783041425", "price": 883.53, "amount": 0.01, "side": "sell", "timestamp": 1764998775435}, {"id": "783041426", "price": 883.54, "amount": 0.02, "side": "buy", "timestamp": 1764998775618}, {"id": "783041427", "price": 883.53, "amount": 0.02, "side": "sell", "timestamp": 1764998775640}, {"id": "783041428", "price": 883.53, "amount": 0.48, "side": "sell", "timestamp": 1764998776115}, {"id": "783041429", "price": 883.52, "amount": 0.01, "side": "sell", "timestamp": 1764998776115}, {"id": "783041430", "price": 883.5, "amount": 0.02, "side": "sell", "timestamp": 1764998776648}, {"id": "783041431", "price": 883.5, "amount": 0.08, "side": "sell", "timestamp": 1764998777568}, {"id": "783041432", "price": 883.5, "amount": 0.02, "side": "sell", "timestamp": 1764998778667}, {"id": "783041433", "price": 883.5, "amount": 0.02, "side": "sell", "timestamp": 1764998779689}, {"id": "783041434", "price": 883.5, "amount": 0.02, "side": "sell", "timestamp": 1764998780710}, {"id": "783041435", "price": 883.5, "amount": 3.39, "side": "sell", "timestamp": 1764998781274}, {"id": "783041436", "price": 883.5, "amount": 0.02, "side": "sell", "timestamp": 1764998781733}, {"id": "783041437", "price": 883.5, "amount": 0.02, "side": "sell", "timestamp": 1764998782752}, {"id": "783041438", "price": 883.51, "amount": 3.78, "side": "buy", "timestamp": 1764998783012}, {"id": "783041439", "price": 883.5, "amount": 0.01, "side": "sell", "timestamp": 1764998783665}, {"id": "783041440", "price": 883.5, "amount": 0.02, "side": "sell", "timestamp": 1764998783774}, {"id": "783041441", "price": 883.51, "amount": 0.1, "side": "buy", "timestamp": 1764998783918}, {"id": "783041442", "price": 883.51, "amount": 0.42, "side": "buy", "timestamp": 1764998784219}, {"id": "783041443", "price": 883.5, "amount": 0.02, "side": "sell", "timestamp": 1764998784784}, {"id": "783041444", "price": 883.5, "amount": 4.66, "side": "sell", "timestamp": 1764998784892}, {"id": "783041445", "price": 883.51, "amount": 0.03, "side": "buy", "timestamp": 1764998785696}, {"id": "783041446", "price": 883.5, "amount": 0.02, "side": "sell", "timestamp": 1764998785793}, {"id": "783041447", "price": 883.5, "amount": 0.02, "side": "sell", "timestamp": 1764998786815}, {"id": "783041448", "price": 883.5, "amount": 0.02, "side": "sell", "timestamp": 1764998787836}, {"id": "783041449", "price": 883.5, "amount": 0.02, "side": "sell", "timestamp": 1764998788857}, {"id": "783041450", "price": 883.5, "amount": 0.76, "side": "sell", "timestamp": 1764998789866}, {"id": "783041451", "price": 883.51, "amount": 0.01, "side": "buy", "timestamp": 1764998790335}, {"id": "783041452", "price": 883.5, "amount": 0.12, "side": "sell", "timestamp": 1764998790375}, {"id": "783041453", "price": 883.49, "amount": 0.02, "side": "sell", "timestamp": 1764998790877}, {"id": "783041454", "price": 883.5, "amount": 0.04, "side": "buy", "timestamp": 1764998791647}, {"id": "783041455", "price": 883.49, "amount": 0.02, "side": "sell", "timestamp": 1764998791911}, {"id": "783041456", "price": 883.49, "amount": 0.02, "side": "sell", "timestamp": 1764998792933}, {"id": "783041457", "price": 883.5, "amount": 0.01, "side": "buy", "timestamp": 1764998792934}, {"id": "783041458", "price": 883.49, "amount": 0.02, "side": "sell", "timestamp": 1764998793955}, {"id": "783041459", "price": 883.49, "amount": 0.13, "side": "sell", "timestamp": 1764998794467}, {"id": "783041460", "price": 883.49, "amount": 0.02, "side": "sell", "timestamp": 1764998794976}, {"id": "783041461", "price": 883.49, "amount": 0.55, "side": "sell", "timestamp": 1764998795554}, {"id": "783041462", "price": 883.49, "amount": 0.02, "side": "sell", "timestamp": 1764998796011}, {"id": "783041463", "price": 883.49, "amount": 0.01, "side": "sell", "timestamp": 1764998796643}, {"id": "783041464", "price": 883.49, "amount": 0.02, "side": "sell", "timestamp": 1764998797034}, {"id": "783041465", "price": 883.49, "amount": 0.02, "side": "sell", "timestamp": 1764998798056}, {"id": "783041466", "price": 883.5, "amount": 0.01, "side": "buy", "timestamp": 1764998798069}, {"id": "783041467", "price": 883.49, "amount": 4.63, "side": "sell", "timestamp": 1764998798800}, {"id": "783041468", "price": 883.49, "amount": 0.02, "side": "sell", "timestamp": 1764998799088}, {"id": "783041469", "price": 883.5, "amount": 0.02, "side": "buy", "timestamp": 1764998799380}, {"id": "783041470", "price": 883.49, "amount": 0.02, "side": "sell", "timestamp": 1764998800097}, {"id": "783041471", "price": 883.49, "amount": 0.02, "side": "sell", "timestamp": 1764998801124}, {"id": "783041556", "price": 883.52, "amount": 0.52, "side": "sell", "timestamp": 1764998833608}, {"id": "783041557", "price": 883.52, "amount": 0.02, "side": "sell", "timestamp": 1764998833925}, {"id": "783041558", "price": 883.52, "amount": 0.03, "side": "sell", "timestamp": 1764998834894}, {"id": "783041559", "price": 883.52, "amount": 0.02, "side": "sell", "timestamp": 1764998835014}, {"id": "783041560", "price": 883.52, "amount": 1.51, "side": "sell", "timestamp": 1764998835319}, {"id": "783041561", "price": 883.52, "amount": 2.12, "side": "sell", "timestamp": 1764998835739}, {"id": "783041562", "price": 883.52, "amount": 0.02, "side": "sell", "timestamp": 1764998835973}, {"id": "783041563", "price": 883.52, "amount": 0.08, "side": "sell", "timestamp": 1764998836943}, {"id": "783041564", "price": 883.52, "amount": 0.01, "side": "sell", "timestamp": 1764998837472}, {"id": "783041565", "price": 883.52, "amount": 0.02, "side": "sell", "timestamp": 1764998838019}, {"id": "783041566", "price": 883.52, "amount": 2.84, "side": "sell", "timestamp": 1764998838134}, {"id": "783041567", "price": 883.5, "amount": 0.06, "side": "sell", "timestamp": 1764998838137}, {"id": "783041568", "price": 883.49, "amount": 0.02, "side": "sell", "timestamp": 1764998838137}, {"id": "783041569", "price": 883.48, "amount": 0.05, "side": "sell", "timestamp": 1764998838137}, {"id": "783041570", "price": 883.47, "amount": 0.01, "side": "sell", "timestamp": 1764998838199}, {"id": "783041571", "price": 883.46, "amount": 0.01, "side": "sell", "timestamp": 1764998838199}, {"id": "783041572", "price": 883.45, "amount": 0.02, "side": "sell", "timestamp": 1764998838199}, {"id": "783041573", "price": 883.44, "amount": 0.23, "side": "sell", "timestamp": 1764998838199}, {"id": "783041574", "price": 883.43, "amount": 0.03, "side": "sell", "timestamp": 1764998838199}, {"id": "783041575", "price": 883.43, "amount": 1.06, "side": "buy", "timestamp": 1764998838466}, {"id": "783041576", "price": 883.43, "amount": 0.01, "side": "buy", "timestamp": 1764998838613}, {"id": "783041577", "price": 883.43, "amount": 0.62, "side": "buy", "timestamp": 1764998838994}, {"id": "783041578", "price": 883.42, "amount": 0.02, "side": "sell", "timestamp": 1764998839043}, {"id": "783041579", "price": 883.42, "amount": 0.01, "side": "sell", "timestamp": 1764998839750}, {"id": "783041580", "price": 883.42, "amount": 0.02, "side": "sell", "timestamp": 1764998839913}, {"id": "783041581", "price": 883.42, "amount": 0.02, "side": "sell", "timestamp": 1764998840067}, {"id": "783041582", "price": 883.43, "amount": 1.98, "side": "buy", "timestamp": 1764998840077}, {"id": "783041583", "price": 883.42, "amount": 0.07, "side": "sell", "timestamp": 1764998841052}, {"id": "783041584", "price": 883.42, "amount": 0.02, "side": "sell", "timestamp": 1764998842131}, {"id": "783041585", "price": 883.42, "amount": 0.14, "side": "sell", "timestamp": 1764998842796}, {"id": "783041586", "price": 883.42, "amount": 0.02, "side": "sell", "timestamp": 1764998843159}, {"id": "783041587", "price": 883.43, "amount": 0.11, "side": "buy", "timestamp": 1764998844057}, {"id": "783041588", "price": 883.42, "amount": 0.02, "side": "sell", "timestamp": 1764998844179}, {"id": "783041589", "price": 883.42, "amount": 5.51, "side": "sell", "timestamp": 1764998844892}, {"id": "783041590", "price": 883.42, "amount": 0.02, "side": "sell", "timestamp": 1764998845079}, {"id": "783041591", "price": 883.42, "amount": 0.02, "side": "sell", "timestamp": 1764998845188}, {"id": "783041592", "price": 883.42, "amount": 0.83, "side": "sell", "timestamp": 1764998845534}, {"id": "783041593", "price": 883.43, "amount": 1.67, "side": "buy", "timestamp": 1764998846152}, {"id": "783041594", "price": 883.42, "amount": 0.03, "side": "sell", "timestamp": 1764998846198}, {"id": "783041595", "price": 883.42, "amount": 0.02, "side": "sell", "timestamp": 1764998847218}, {"id": "783041596", "price": 883.42, "amount": 0.02, "side": "sell", "timestamp": 1764998848242}, {"id": "783041597", "price": 883.43, "amount": 0.45, "side": "buy", "timestamp": 1764998849006}, {"id": "783041598", "price": 883.42, "amount": 0.02, "side": "sell", "timestamp": 1764998849263}, {"id": "783041599", "price": 883.42, "amount": 0.03, "side": "sell", "timestamp": 1764998850025}, {"id": "783041600", "price": 883.42, "amount": 0.02, "side": "sell", "timestamp": 1764998850286}, {"id": "783041601", "price": 883.42, "amount": 0.04, "side": "sell", "timestamp": 1764998850811}, {"id": "783041602", "price": 883.42, "amount": 0.02, "side": "sell", "timestamp": 1764998851307}, {"id": "783041603", "price": 883.42, "amount": 0.8, "side": "sell", "timestamp": 1764998851877}, {"id": "783041604", "price": 883.43, "amount": 0.56, "side": "buy", "timestamp": 1764998852255}, {"id": "783041605", "price": 883.42, "amount": 1.09, "side": "sell", "timestamp": 1764998852265}, {"id": "783041635", "price": 883.42, "amount": 0.02, "side": "sell", "timestamp": 1764998872782}, {"id": "783041636", "price": 883.42, "amount": 0.02, "side": "sell", "timestamp": 1764998873816}, {"id": "783041637", "price": 883.42, "amount": 6.4, "side": "sell", "timestamp": 1764998874875}, {"id": "783041638", "price": 883.42, "amount": 0.02, "side": "sell", "timestamp": 1764998875914}, {"id": "783041639", "price": 883.42, "amount": 0.02, "side": "sell", "timestamp": 1764998876937}, {"id": "783041640", "price": 883.42, "amount": 0.02, "side": "sell", "timestamp": 1764998877961}, {"id": "783041641", "price": 883.42, "amount": 0.02, "side": "sell", "timestamp": 1764998878994}, {"id": "783041642", "price": 883.42, "amount": 0.02, "side": "sell", "timestamp": 1764998880038}, {"id": "783041643", "price": 883.42, "amount": 0.02, "side": "sell", "timestamp": 1764998881067}, {"id": "783041644", "price": 883.42, "amount": 0.02, "side": "sell", "timestamp": 1764998882102}, {"id": "783041645", "price": 883.42, "amount": 1.3, "side": "sell", "timestamp": 1764998882803}, {"id": "783041646", "price": 883.42, "amount": 0.02, "side": "sell", "timestamp": 1764998883155}, {"id": "783041647", "price": 883.42, "amount": 0.02, "side": "sell", "timestamp": 1764998884191}, {"id": "783041648", "price": 883.43, "amount": 0.04, "side": "buy", "timestamp": 1764998884908}, {"id": "783041649", "price": 883.42, "amount": 0.02, "side": "sell", "timestamp": 1764998885256}, {"id": "783041650", "price": 883.42, "amount": 0.01, "side": "sell", "timestamp": 1764998885750}, {"id": "783041651", "price": 883.42, "amount": 0.02, "side": "sell", "timestamp": 1764998886306}, {"id": "783041652", "price": 883.42, "amount": 0.02, "side": "sell", "timestamp": 1764998887361}, {"id": "783041653", "price": 883.42, "amount": 0.02, "side": "sell", "timestamp": 1764998888405}, {"id": "783041654", "price": 883.42, "amount": 0.04, "side": "sell", "timestamp": 1764998889448}, {"id": "783041655", "price": 883.42, "amount": 0.03, "side": "sell", "timestamp": 1764998889831}, {"id": "783041656", "price": 883.42, "amount": 0.08, "side": "sell", "timestamp": 1764998889964}, {"id": "783041657", "price": 883.42, "amount": 0.02, "side": "sell", "timestamp": 1764998890504}, {"id": "783041658", "price": 883.42, "amount": 0.02, "side": "sell", "timestamp": 1764998891530}, {"id": "783041659", "price": 883.42, "amount": 0.01, "side": "sell", "timestamp": 1764998891665}, {"id": "783041660", "price": 883.43, "amount": 0.83, "side": "buy", "timestamp": 1764998892439}, {"id": "783041661", "price": 883.42, "amount": 0.02, "side": "sell", "timestamp": 1764998892542}, {"id": "783041662", "price": 883.43, "amount": 0.01, "side": "buy", "timestamp": 1764998892600}, {"id": "783041663", "price": 883.42, "amount": 0.02, "side": "sell", "timestamp": 1764998893574}, {"id": "783041664", "price": 883.42, "amount": 0.02, "side": "sell", "timestamp": 1764998894582}, {"id": "783041665", "price": 883.42, "amount": 0.01, "side": "sell", "timestamp": 1764998894829}, {"id": "783041666", "price": 883.43, "amount": 0.12, "side": "buy", "timestamp": 1764998894927}, {"id": "783041667", "price": 883.43, "amount": 0.02, "side": "buy", "timestamp": 1764998895243}, {"id": "783041668", "price": 883.42, "amount": 0.02, "side": "sell", "timestamp": 1764998895620}, {"id": "783041669", "price": 883.42, "amount": 0.02, "side": "sell", "timestamp": 1764998896630}, {"id": "783041670", "price": 883.42, "amount": 0.02, "side": "sell", "timestamp": 1764998897667}, {"id": "783041671", "price": 883.42, "amount": 0.04, "side": "sell", "timestamp": 1764998897925}, {"id": "783041672", "price": 883.42, "amount": 0.39, "side": "sell", "timestamp": 1764998898222}, {"id": "783041673", "price": 883.42, "amount": 0.02, "side": "sell", "timestamp": 1764998898728}, {"id": "783041674", "price": 883.42, "amount": 6.55, "side": "sell", "timestamp": 1764998899565}, {"id": "783041675", "price": 883.41, "amount": 0.01, "side": "sell", "timestamp": 1764998899620}, {"id": "783041676", "price": 883.4, "amount": 0.02, "side": "sell", "timestamp": 1764998899783}, {"id": "783041677", "price": 883.41, "amount": 6.42, "side": "buy", "timestamp": 1764998899844}, {"id": "783041678", "price": 883.4, "amount": 0.01, "side": "sell", "timestamp": 1764998900094}, {"id": "783041679", "price": 883.4, "amount": 0.02, "side": "sell", "timestamp": 1764998900835}, {"id": "783041680", "price": 883.4, "amount": 0.02, "side": "sell", "timestamp": 1764998901868}, {"id": "783041681", "price": 883.41, "amount": 0.15, "side": "buy", "timestamp": 1764998902714}, {"id": "783041682", "price": 883.4, "amount": 0.03, "side": "sell", "timestamp": 1764998902868}, {"id": "783041683", "price": 883.41, "amount": 0.06, "side": "buy", "timestamp": 1764998903889}, {"id": "783041684", "price": 883.4, "amount": 0.02, "side": "sell", "timestamp": 1764998903953}, {"id": "783041862", "price": 883.22, "amount": 0.44, "side": "buy", "timestamp": 1764998944102}, {"id": "783041863", "price": 883.23, "amount": 0.24, "side": "buy", "timestamp": 1764998944117}, {"id": "783041864", "price": 883.24, "amount": 0.01, "side": "buy", "timestamp": 1764998944131}, {"id": "783041865", "price": 883.26, "amount": 0.01, "side": "buy", "timestamp": 1764998944131}, {"id": "783041866", "price": 883.28, "amount": 0.03, "side": "buy", "timestamp": 1764998944131}, {"id": "783041867", "price": 883.29, "amount": 0.09, "side": "buy", "timestamp": 1764998944131}, {"id": "783041868", "price": 883.32, "amount": 0.08, "side": "buy", "timestamp": 1764998944161}, {"id": "783041869", "price": 883.33, "amount": 0.02, "side": "buy", "timestamp": 1764998944167}, {"id": "783041870", "price": 883.34, "amount": 0.03, "side": "buy", "timestamp": 1764998944167}, {"id": "783041871", "price": 883.35, "amount": 1.22, "side": "buy", "timestamp": 1764998944169}, {"id": "783041872", "price": 883.36, "amount": 3.46, "side": "buy", "timestamp": 1764998944169}, {"id": "783041873", "price": 883.37, "amount": 0.02, "side": "sell", "timestamp": 1764998944537}, {"id": "783041874", "price": 883.37, "amount": 0.01, "side": "sell", "timestamp": 1764998945306}, {"id": "783041875", "price": 883.37, "amount": 0.02, "side": "sell", "timestamp": 1764998945559}, {"id": "783041876", "price": 883.38, "amount": 1.05, "side": "buy", "timestamp": 1764998945934}, {"id": "783041877", "price": 883.4, "amount": 0.1, "side": "buy", "timestamp": 1764998945934}, {"id": "783041878", "price": 883.41, "amount": 0.03, "side": "buy", "timestamp": 1764998945934}, {"id": "783041879", "price": 883.42, "amount": 2.95, "side": "buy", "timestamp": 1764998945935}, {"id": "783041880", "price": 883.41, "amount": 0.02, "side": "sell", "timestamp": 1764998946568}, {"id": "783041881", "price": 883.42, "amount": 0.08, "side": "buy", "timestamp": 1764998947245}, {"id": "783041882", "price": 883.41, "amount": 0.02, "side": "sell", "timestamp": 1764998947590}, {"id": "783041883", "price": 883.41, "amount": 0.02, "side": "sell", "timestamp": 1764998948598}, {"id": "783041884", "price": 883.41, "amount": 0.02, "side": "sell", "timestamp": 1764998949611}, {"id": "783041885", "price": 883.42, "amount": 0.27, "side": "buy", "timestamp": 1764998949835}, {"id": "783041886", "price": 883.43, "amount": 0.07, "side": "buy", "timestamp": 1764998949835}, {"id": "783041887", "price": 883.44, "amount": 0.02, "side": "buy", "timestamp": 1764998949835}, {"id": "783041888", "price": 883.45, "amount": 0.03, "side": "buy", "timestamp": 1764998949835}, {"id": "783041889", "price": 883.46, "amount": 0.05, "side": "buy", "timestamp": 1764998949835}, {"id": "783041890", "price": 883.47, "amount": 0.01, "side": "buy", "timestamp": 1764998949835}, {"id": "783041891", "price": 883.48, "amount": 0.03, "side": "buy", "timestamp": 1764998949835}, {"id": "783041892", "price": 883.49, "amount": 0.07, "side": "buy", "timestamp": 1764998949835}, {"id": "783041893", "price": 883.5, "amount": 0.45, "side": "buy", "timestamp": 1764998949835}, {"id": "783041894", "price": 883.51, "amount": 2.22, "side": "buy", "timestamp": 1764998949835}, {"id": "783041895", "price": 883.5, "amount": 6.66, "side": "sell", "timestamp": 1764998949892}, {"id": "783041896", "price": 883.51, "amount": 1.48, "side": "buy", "timestamp": 1764998950375}, {"id": "783041897", "price": 883.5, "amount": 0.02, "side": "sell", "timestamp": 1764998950620}, {"id": "783041898", "price": 883.5, "amount": 5.67, "side": "sell", "timestamp": 1764998951642}, {"id": "783041899", "price": 883.51, "amount": 0.09, "side": "buy", "timestamp": 1764998951932}, {"id": "783041900", "price": 883.52, "amount": 0.03, "side": "buy", "timestamp": 1764998951932}, {"id": "783041901", "price": 883.52, "amount": 0.02, "side": "sell", "timestamp": 1764998952651}, {"id": "783041902", "price": 883.52, "amount": 0.02, "side": "sell", "timestamp": 1764998953678}, {"id": "783041903", "price": 883.53, "amount": 1.0, "side": "buy", "timestamp": 1764998954038}, {"id": "783041904", "price": 883.52, "amount": 0.02, "side": "sell", "timestamp": 1764998954687}, {"id": "783041905", "price": 883.53, "amount": 22.54, "side": "buy", "timestamp": 1764998954893}, {"id": "783041906", "price": 883.54, "amount": 0.43, "side": "buy", "timestamp": 1764998954893}, {"id": "783041907", "price": 883.55, "amount": 0.53, "side": "buy", "timestamp": 1764998954893}, {"id": "783041908", "price": 883.56, "amount": 1.68, "side": "buy", "timestamp": 1764998954893}, {"id": "783041909", "price": 883.55, "amount": 0.05, "side": "buy", "timestamp": 1764998955029}, {"id": "783041910", "price": 883.54, "amount": 0.07, "side": "sell", "timestamp": 1764998955177}, {"id": "783041911", "price": 883.54, "amount": 0.02, "side": "sell", "timestamp": 1764998955801}, {"id": "783041996", "price": 883.62, "amount": 0.02, "side": "sell", "timestamp": 1764998993103}, {"id": "783041997", "price": 883.63, "amount": 5.0, "side": "buy", "timestamp": 1764998993891}, {"id": "783041998", "price": 883.62, "amount": 0.04, "side": "sell", "timestamp": 1764998994041}, {"id": "783041999", "price": 883.63, "amount": 0.02, "side": "buy", "timestamp": 1764998994123}, {"id": "783042000", "price": 883.63, "amount": 0.11, "side": "buy", "timestamp": 1764998994725}, {"id": "783042001", "price": 883.62, "amount": 0.01, "side": "sell", "timestamp": 1764998994769}, {"id": "783042002", "price": 883.62, "amount": 0.02, "side": "sell", "timestamp": 1764998995127}, {"id": "783042003", "price": 883.62, "amount": 0.02, "side": "sell", "timestamp": 1764998996151}, {"id": "783042004", "price": 883.62, "amount": 1.13, "side": "sell", "timestamp": 1764998996373}, {"id": "783042005", "price": 883.62, "amount": 0.02, "side": "sell", "timestamp": 1764998997201}, {"id": "783042006", "price": 883.62, "amount": 0.11, "side": "sell", "timestamp": 1764998997445}, {"id": "783042007", "price": 883.63, "amount": 0.11, "side": "buy", "timestamp": 1764998997459}, {"id": "783042008", "price": 883.62, "amount": 0.02, "side": "sell", "timestamp": 1764998998212}, {"id": "783042009", "price": 883.63, "amount": 0.05, "side": "buy", "timestamp": 1764998998518}, {"id": "783042010", "price": 883.62, "amount": 0.02, "side": "sell", "timestamp": 1764998999227}, {"id": "783042011", "price": 883.62, "amount": 0.01, "side": "sell", "timestamp": 1764998999665}, {"id": "783042012", "price": 883.62, "amount": 0.02, "side": "sell", "timestamp": 1764999000250}, {"id": "783042013", "price": 883.63, "amount": 0.13, "side": "buy", "timestamp": 1764999000321}, {"id": "783042014", "price": 883.62, "amount": 0.01, "side": "sell", "timestamp": 1764999000566}, {"id": "783042015", "price": 883.63, "amount": 0.04, "side": "buy", "timestamp": 1764999001067}, {"id": "783042016", "price": 883.62, "amount": 0.15, "side": "sell", "timestamp": 1764999001296}, {"id": "783042017", "price": 883.6, "amount": 0.07, "side": "sell", "timestamp": 1764999001331}, {"id": "783042018", "price": 883.59, "amount": 0.05, "side": "sell", "timestamp": 1764999001331}, {"id": "783042019", "price": 883.56, "amount": 0.08, "side": "sell", "timestamp": 1764999001340}, {"id": "783042020", "price": 883.56, "amount": 0.14, "side": "sell", "timestamp": 1764999002015}, {"id": "783042021", "price": 883.55, "amount": 0.01, "side": "sell", "timestamp": 1764999002015}, {"id": "783042022", "price": 883.53, "amount": 0.01, "side": "sell", "timestamp": 1764999002117}, {"id": "783042023", "price": 883.53, "amount": 0.36, "side": "sell", "timestamp": 1764999002305}, {"id": "783042024", "price": 883.52, "amount": 0.02, "side": "sell", "timestamp": 1764999002306}, {"id": "783042025", "price": 883.5, "amount": 0.01, "side": "sell", "timestamp": 1764999002316}, {"id": "783042026", "price": 883.49, "amount": 0.02, "side": "sell", "timestamp": 1764999002316}, {"id": "783042027", "price": 883.48, "amount": 0.01, "side": "sell", "timestamp": 1764999002316}, {"id": "783042028", "price": 883.47, "amount": 2.05, "side": "sell", "timestamp": 1764999002325}, {"id": "783042029", "price": 883.48, "amount": 2.53, "side": "buy", "timestamp": 1764999003025}, {"id": "783042030", "price": 883.51, "amount": 0.05, "side": "buy", "timestamp": 1764999003037}, {"id": "783042031", "price": 883.52, "amount": 0.01, "side": "buy", "timestamp": 1764999003057}, {"id": "783042032", "price": 883.54, "amount": 0.02, "side": "buy", "timestamp": 1764999003063}, {"id": "783042033", "price": 883.55, "amount": 0.02, "side": "buy", "timestamp": 1764999003063}, {"id": "783042034", "price": 883.56, "amount": 0.04, "side": "buy", "timestamp": 1764999003063}, {"id": "783042035", "price": 883.57, "amount": 0.16, "side": "buy", "timestamp": 1764999003063}, {"id": "783042036", "price": 883.58, "amount": 0.02, "side": "buy", "timestamp": 1764999003063}, {"id": "783042037", "price": 883.58, "amount": 0.28, "side": "sell", "timestamp": 1764999003077}, {"id": "783042038", "price": 883.58, "amount": 0.52, "side": "sell", "timestamp": 1764999003372}, {"id": "783042039", "price": 883.53, "amount": 0.02, "side": "sell", "timestamp": 1764999003394}, {"id": "783042040", "price": 883.54, "amount": 0.04, "side": "buy", "timestamp": 1764999003690}, {"id": "783042041", "price": 883.56, "amount": 0.03, "side": "buy", "timestamp": 1764999003690}, {"id": "783042042", "price": 883.57, "amount": 0.02, "side": "sell", "timestamp": 1764999004414}, {"id": "783042043", "price": 883.57, "amount": 0.02, "side": "sell", "timestamp": 1764999005443}, {"id": "783042044", "price": 883.57, "amount": 0.02, "side": "sell", "timestamp": 1764999006462}, {"id": "783042045", "price": 883.57, "amount": 0.02, "side": "sell", "timestamp": 1764999007474}, {"id": "783042140", "price": 883.54, "amount": 5.73, "side": "buy", "timestamp": 1764999035236}, {"id": "783042141", "price": 883.53, "amount": 0.01, "side": "sell", "timestamp": 1764999035668}, {"id": "783042142", "price": 883.53, "amount": 0.03, "side": "sell", "timestamp": 1764999036088}, {"id": "783042143", "price": 883.53, "amount": 0.12, "side": "sell", "timestamp": 1764999036232}, {"id": "783042144", "price": 883.52, "amount": 0.03, "side": "sell", "timestamp": 1764999036295}, {"id": "783042145", "price": 883.5, "amount": 0.01, "side": "sell", "timestamp": 1764999036295}, {"id": "783042146", "price": 883.49, "amount": 0.02, "side": "sell", "timestamp": 1764999036295}, {"id": "783042147", "price": 883.48, "amount": 0.02, "side": "sell", "timestamp": 1764999037255}, {"id": "783042148", "price": 883.48, "amount": 0.02, "side": "sell", "timestamp": 1764999038282}, {"id": "783042149", "price": 883.48, "amount": 0.24, "side": "sell", "timestamp": 1764999039080}, {"id": "783042150", "price": 883.48, "amount": 0.02, "side": "sell", "timestamp": 1764999039306}, {"id": "783042151", "price": 883.48, "amount": 5.31, "side": "sell", "timestamp": 1764999039892}, {"id": "783042152", "price": 883.48, "amount": 0.02, "side": "sell", "timestamp": 1764999040326}, {"id": "783042153", "price": 883.48, "amount": 0.02, "side": "sell", "timestamp": 1764999041352}, {"id": "783042154", "price": 883.48, "amount": 0.02, "side": "sell", "timestamp": 1764999042374}, {"id": "783042155", "price": 883.48, "amount": 0.01, "side": "sell", "timestamp": 1764999043260}, {"id": "783042156", "price": 883.48, "amount": 0.02, "side": "sell", "timestamp": 1764999043396}, {"id": "783042157", "price": 883.48, "amount": 0.02, "side": "sell", "timestamp": 1764999044418}, {"id": "783042158", "price": 883.48, "amount": 0.02, "side": "sell", "timestamp": 1764999045440}, {"id": "783042159", "price": 883.48, "amount": 0.11, "side": "sell", "timestamp": 1764999046462}, {"id": "783042160", "price": 883.48, "amount": 0.02, "side": "sell", "timestamp": 1764999047484}, {"id": "783042161", "price": 883.49, "amount": 0.04, "side": "buy", "timestamp": 1764999048224}, {"id": "783042162", "price": 883.48, "amount": 0.02, "side": "sell", "timestamp": 1764999048505}, {"id": "783042163", "price": 883.48, "amount": 0.02, "side": "sell", "timestamp": 1764999049527}, {"id": "783042164", "price": 883.48, "amount": 0.02, "side": "sell", "timestamp": 1764999050550}, {"id": "783042165", "price": 883.48, "amount": 0.02, "side": "sell", "timestamp": 1764999051575}, {"id": "783042166", "price": 883.49, "amount": 0.02, "side": "buy", "timestamp": 1764999052329}, {"id": "783042167", "price": 883.48, "amount": 0.02, "side": "sell", "timestamp": 1764999052599}, {"id": "783042168", "price": 883.49, "amount": 1.23, "side": "buy", "timestamp": 1764999053223}, {"id": "783042169", "price": 883.48, "amount": 0.02, "side": "sell", "timestamp": 1764999053622}, {"id": "783042170", "price": 883.49, "amount": 0.03, "side": "buy", "timestamp": 1764999054276}, {"id": "783042171", "price": 883.48, "amount": 0.02, "side": "sell", "timestamp": 1764999054647}, {"id": "783042172", "price": 883.48, "amount": 0.02, "side": "sell", "timestamp": 1764999055681}, {"id": "783042173", "price": 883.49, "amount": 0.01, "side": "buy", "timestamp": 1764999056515}, {"id": "783042174", "price": 883.48, "amount": 0.02, "side": "sell", "timestamp": 1764999056703}, {"id": "783042175", "price": 883.48, "amount": 0.06, "side": "sell", "timestamp": 1764999057197}, {"id": "783042176", "price": 883.48, "amount": 0.03, "side": "sell", "timestamp": 1764999057639}, {"id": "783042177", "price": 883.48, "amount": 0.11, "side": "sell", "timestamp": 1764999058562}, {"id": "783042178", "price": 883.48, "amount": 12.29, "side": "sell", "timestamp": 1764999058746}, {"id": "783042179", "price": 883.47, "amount": 0.02, "side": "sell", "timestamp": 1764999058821}, {"id": "783042180", "price": 883.46, "amount": 0.01, "side": "sell", "timestamp": 1764999058821}, {"id": "783042181", "price": 883.44, "amount": 5.12, "side": "sell", "timestamp": 1764999058821}, {"id": "783042182", "price": 883.43, "amount": 0.03, "side": "sell", "timestamp": 1764999058821}, {"id": "783042183", "price": 883.42, "amount": 0.23, "side": "sell", "timestamp": 1764999058821}, {"id": "783042184", "price": 883.41, "amount": 0.05, "side": "sell", "timestamp": 1764999058821}, {"id": "783042185", "price": 883.4, "amount": 2.92, "side": "sell", "timestamp": 1764999058821}, {"id": "783042186", "price": 883.39, "amount": 4.18, "side": "sell", "timestamp": 1764999058821}, {"id": "783042187", "price": 883.38, "amount": 6.11, "side": "sell", "timestamp": 1764999058821}, {"id": "783042188", "price": 883.37, "amount": 0.01, "side": "sell", "timestamp": 1764999059537}, {"id": "783042189", "price": 883.38, "amount": 0.01, "side": "buy", "timestamp": 1764999059573}, {"id": "783042234", "price": 883.46, "amount": 0.01, "side": "buy", "timestamp": 1764999081918}, {"id": "783042235", "price": 883.46, "amount": 0.1, "side": "buy", "timestamp": 1764999082187}, {"id": "783042236", "price": 883.45, "amount": 0.02, "side": "sell", "timestamp": 1764999082460}, {"id": "783042237", "price": 883.46, "amount": 0.04, "side": "buy", "timestamp": 1764999083417}, {"id": "783042238", "price": 883.45, "amount": 0.02, "side": "sell", "timestamp": 1764999083468}, {"id": "783042239", "price": 883.45, "amount": 0.02, "side": "sell", "timestamp": 1764999084482}, {"id": "783042240", "price": 883.45, "amount": 8.04, "side": "sell", "timestamp": 1764999084891}, {"id": "783042241", "price": 883.45, "amount": 0.02, "side": "sell", "timestamp": 1764999085502}, {"id": "783042242", "price": 883.46, "amount": 0.03, "side": "buy", "timestamp": 1764999086015}, {"id": "783042243", "price": 883.45, "amount": 0.02, "side": "sell", "timestamp": 1764999086511}, {"id": "783042244", "price": 883.46, "amount": 0.05, "side": "buy", "timestamp": 1764999087151}, {"id": "783042245", "price": 883.45, "amount": 0.02, "side": "sell", "timestamp": 1764999087534}, {"id": "783042246", "price": 883.46, "amount": 1.31, "side": "buy", "timestamp": 1764999087622}, {"id": "783042247", "price": 883.45, "amount": 0.01, "side": "sell", "timestamp": 1764999088288}, {"id": "783042248", "price": 883.45, "amount": 0.16, "side": "sell", "timestamp": 1764999088456}, {"id": "783042249", "price": 883.45, "amount": 0.02, "side": "sell", "timestamp": 1764999088558}, {"id": "783042250", "price": 883.45, "amount": 0.02, "side": "sell", "timestamp": 1764999089594}, {"id": "783042251", "price": 883.46, "amount": 0.02, "side": "buy", "timestamp": 1764999089717}, {"id": "783042252", "price": 883.45, "amount": 0.02, "side": "sell", "timestamp": 1764999090638}, {"id": "783042253", "price": 883.46, "amount": 0.19, "side": "buy", "timestamp": 1764999091218}, {"id": "783042254", "price": 883.45, "amount": 0.02, "side": "sell", "timestamp": 1764999091662}, {"id": "783042255", "price": 883.46, "amount": 0.08, "side": "buy", "timestamp": 1764999092156}, {"id": "783042256", "price": 883.45, "amount": 0.02, "side": "sell", "timestamp": 1764999092693}, {"id": "783042257", "price": 883.45, "amount": 0.02, "side": "sell", "timestamp": 1764999093739}, {"id": "783042258", "price": 883.45, "amount": 0.03, "side": "sell", "timestamp": 1764999093867}, {"id": "783042259", "price": 883.45, "amount": 0.02, "side": "sell", "timestamp": 1764999094837}, {"id": "783042260", "price": 883.45, "amount": 0.02, "side": "sell", "timestamp": 1764999095858}, {"id": "783042261", "price": 883.45, "amount": 0.02, "side": "sell", "timestamp": 1764999096867}, {"id": "783042262", "price": 883.45, "amount": 0.64, "side": "sell", "timestamp": 1764999097375}, {"id": "783042263", "price": 883.45, "amount": 0.02, "side": "sell", "timestamp": 1764999097922}, {"id": "783042264", "price": 883.45, "amount": 0.02, "side": "sell", "timestamp": 1764999098990}, {"id": "783042265", "price": 883.45, "amount": 0.02, "side": "sell", "timestamp": 1764999099770}, {"id": "783042266", "price": 883.45, "amount": 0.03, "side": "sell", "timestamp": 1764999100036}, {"id": "783042267", "price": 883.45, "amount": 0.02, "side": "sell", "timestamp": 1764999101158}, {"id": "783042268", "price": 883.45, "amount": 0.02, "side": "sell", "timestamp": 1764999102211}, {"id": "783042269", "price": 883.45, "amount": 0.02, "side": "sell", "timestamp": 1764999103263}, {"id": "783042270", "price": 883.45, "amount": 0.02, "side": "sell", "timestamp": 1764999104274}, {"id": "783042271", "price": 883.45, "amount": 0.01, "side": "sell", "timestamp": 1764999104542}, {"id": "783042272", "price": 883.45, "amount": 0.01, "side": "sell", "timestamp": 1764999104784}, {"id": "783042273", "price": 883.45, "amount": 0.02, "side": "sell", "timestamp": 1764999104910}, {"id": "783042274", "price": 883.45, "amount": 0.02, "side": "sell", "timestamp": 1764999105348}, {"id": "783042275", "price": 883.45, "amount": 0.02, "side": "sell", "timestamp": 1764999106361}, {"id": "783042276", "price": 883.45, "amount": 0.02, "side": "sell", "timestamp": 1764999107370}, {"id": "783042277", "price": 883.45, "amount": 0.01, "side": "sell", "timestamp": 1764999107665}, {"id": "783042278", "price": 883.45, "amount": 0.11, "side": "sell", "timestamp": 1764999108069}, {"id": "783042279", "price": 883.45, "amount": 0.02, "side": "sell", "timestamp": 1764999108396}, {"id": "783042280", "price": 883.45, "amount": 0.02, "side": "sell", "timestamp": 1764999109405}, {"id": "783042281", "price": 883.45, "amount": 0.01, "side": "sell", "timestamp": 1764999109628}, {"id": "783042282", "price": 883.45, "amount": 0.02, "side": "sell", "timestamp": 1764999109890}, {"id": "783042283", "price": 883.45, "amount": 0.02, "side": "sell", "timestamp": 1764999110429}, {"id": "783042395", "price": 883.5, "amount": 1.32, "side": "sell", "timestamp": 1764999144892}, {"id": "783042396", "price": 883.49, "amount": 1.05, "side": "sell", "timestamp": 1764999144892}, {"id": "783042397", "price": 883.52, "amount": 0.03, "side": "buy", "timestamp": 1764999144978}, {"id": "783042398", "price": 883.55, "amount": 0.03, "side": "sell", "timestamp": 1764999145180}, {"id": "783042399", "price": 883.56, "amount": 0.04, "side": "buy", "timestamp": 1764999145211}, {"id": "783042400", "price": 883.6, "amount": 0.07, "side": "buy", "timestamp": 1764999145211}, {"id": "783042401", "price": 883.61, "amount": 0.03, "side": "buy", "timestamp": 1764999145211}, {"id": "783042402", "price": 883.62, "amount": 0.01, "side": "buy", "timestamp": 1764999145211}, {"id": "783042403", "price": 883.62, "amount": 0.02, "side": "sell", "timestamp": 1764999145297}, {"id": "783042404", "price": 883.6, "amount": 0.02, "side": "sell", "timestamp": 1764999145297}, {"id": "783042405", "price": 883.57, "amount": 0.31, "side": "sell", "timestamp": 1764999145402}, {"id": "783042406", "price": 883.57, "amount": 0.02, "side": "sell", "timestamp": 1764999146205}, {"id": "783042407", "price": 883.57, "amount": 0.02, "side": "sell", "timestamp": 1764999147228}, {"id": "783042408", "price": 883.57, "amount": 0.02, "side": "sell", "timestamp": 1764999148251}, {"id": "783042409", "price": 883.57, "amount": 0.02, "side": "sell", "timestamp": 1764999149266}, {"id": "783042410", "price": 883.57, "amount": 0.02, "side": "sell", "timestamp": 1764999150291}, {"id": "783042411", "price": 883.58, "amount": 1.13, "side": "buy", "timestamp": 1764999150710}, {"id": "783042412", "price": 883.57, "amount": 0.01, "side": "sell", "timestamp": 1764999150795}, {"id": "783042413", "price": 883.57, "amount": 0.02, "side": "sell", "timestamp": 1764999151314}, {"id": "783042414", "price": 883.57, "amount": 0.02, "side": "sell", "timestamp": 1764999152337}, {"id": "783042415", "price": 883.58, "amount": 0.02, "side": "buy", "timestamp": 1764999152722}, {"id": "783042416", "price": 883.57, "amount": 0.02, "side": "sell", "timestamp": 1764999153360}, {"id": "783042417", "price": 883.58, "amount": 12.72, "side": "buy", "timestamp": 1764999153579}, {"id": "783042418", "price": 883.59, "amount": 0.07, "side": "buy", "timestamp": 1764999153621}, {"id": "783042419", "price": 883.6, "amount": 0.02, "side": "buy", "timestamp": 1764999153640}, {"id": "783042420", "price": 883.61, "amount": 0.48, "side": "buy", "timestamp": 1764999153695}, {"id": "783042421", "price": 883.64, "amount": 0.01, "side": "buy", "timestamp": 1764999153695}, {"id": "783042422", "price": 883.65, "amount": 0.01, "side": "buy", "timestamp": 1764999153695}, {"id": "783042423", "price": 883.65, "amount": 0.02, "side": "sell", "timestamp": 1764999154383}, {"id": "783042424", "price": 883.65, "amount": 16.32, "side": "sell", "timestamp": 1764999154720}, {"id": "783042425", "price": 883.64, "amount": 5.12, "side": "sell", "timestamp": 1764999154720}, {"id": "783042426", "price": 883.61, "amount": 0.2, "side": "sell", "timestamp": 1764999154720}, {"id": "783042427", "price": 883.6, "amount": 6.73, "side": "sell", "timestamp": 1764999154720}, {"id": "783042428", "price": 883.59, "amount": 5.16, "side": "sell", "timestamp": 1764999154720}, {"id": "783042429", "price": 883.59, "amount": 0.02, "side": "sell", "timestamp": 1764999155405}, {"id": "783042430", "price": 883.59, "amount": 0.02, "side": "sell", "timestamp": 1764999156434}, {"id": "783042431", "price": 883.59, "amount": 3.0, "side": "sell", "timestamp": 1764999156855}, {"id": "783042432", "price": 883.6, "amount": 0.04, "side": "buy", "timestamp": 1764999157013}, {"id": "783042433", "price": 883.59, "amount": 0.02, "side": "sell", "timestamp": 1764999157457}, {"id": "783042434", "price": 883.59, "amount": 0.02, "side": "sell", "timestamp": 1764999158479}, {"id": "783042435", "price": 883.6, "amount": 0.26, "side": "buy", "timestamp": 1764999159200}, {"id": "783042436", "price": 883.59, "amount": 0.02, "side": "sell", "timestamp": 1764999159501}, {"id": "783042437", "price": 883.6, "amount": 0.03, "side": "buy", "timestamp": 1764999159743}, {"id": "783042438", "price": 883.59, "amount": 0.02, "side": "sell", "timestamp": 1764999160527}, {"id": "783042439", "price": 883.6, "amount": 0.13, "side": "buy", "timestamp": 1764999160666}, {"id": "783042440", "price": 883.6, "amount": 0.03, "side": "buy", "timestamp": 1764999161124}, {"id": "783042441", "price": 883.59, "amount": 0.01, "side": "sell", "timestamp": 1764999161167}, {"id": "783042442", "price": 883.59, "amount": 0.02, "side": "sell", "timestamp": 1764999161549}, {"id": "783042443", "price": 883.6, "amount": 10.18, "side": "buy", "timestamp": 1764999162076}, {"id": "783042444", "price": 883.59, "amount": 0.02, "side": "sell", "timestamp": 1764999162574}, {"id": "783042532", "price": 883.2, "amount": 0.02, "side": "sell", "timestamp": 1764999197585}, {"id": "783042533", "price": 883.2, "amount": 0.02, "side": "sell", "timestamp": 1764999198641}, {"id": "783042534", "price": 883.2, "amount": 0.01, "side": "sell", "timestamp": 1764999199527}, {"id": "783042535", "price": 883.2, "amount": 0.02, "side": "sell", "timestamp": 1764999199701}, {"id": "783042536", "price": 883.2, "amount": 0.03, "side": "sell", "timestamp": 1764999199905}, {"id": "783042537", "price": 883.21, "amount": 0.04, "side": "buy", "timestamp": 1764999200658}, {"id": "783042538", "price": 883.2, "amount": 0.02, "side": "sell", "timestamp": 1764999200840}, {"id": "783042539", "price": 883.21, "amount": 0.05, "side": "buy", "timestamp": 1764999201799}, {"id": "783042540", "price": 883.2, "amount": 0.02, "side": "sell", "timestamp": 1764999201864}, {"id": "783042541", "price": 883.21, "amount": 0.01, "side": "buy", "timestamp": 1764999202637}, {"id": "783042542", "price": 883.2, "amount": 0.02, "side": "sell", "timestamp": 1764999202878}, {"id": "783042543", "price": 883.21, "amount": 2.0, "side": "buy", "timestamp": 1764999202963}, {"id": "783042544", "price": 883.2, "amount": 0.02, "side": "sell", "timestamp": 1764999203953}, {"id": "783042545", "price": 883.2, "amount": 0.06, "side": "sell", "timestamp": 1764999204493}, {"id": "783042546", "price": 883.2, "amount": 5.41, "side": "sell", "timestamp": 1764999204892}, {"id": "783042547", "price": 883.2, "amount": 0.03, "side": "sell", "timestamp": 1764999205012}, {"id": "783042548", "price": 883.2, "amount": 0.06, "side": "sell", "timestamp": 1764999205173}, {"id": "783042549", "price": 883.2, "amount": 0.03, "side": "sell", "timestamp": 1764999205957}, {"id": "783042550", "price": 883.2, "amount": 0.01, "side": "sell", "timestamp": 1764999206716}, {"id": "783042551", "price": 883.2, "amount": 0.02, "side": "sell", "timestamp": 1764999207088}, {"id": "783042552", "price": 883.21, "amount": 6.17, "side": "buy", "timestamp": 1764999207636}, {"id": "783042553", "price": 883.2, "amount": 0.02, "side": "sell", "timestamp": 1764999208097}, {"id": "783042554", "price": 883.2, "amount": 19.52, "side": "sell", "timestamp": 1764999208237}, {"id": "783042555", "price": 883.19, "amount": 8.35, "side": "sell", "timestamp": 1764999208243}, {"id": "783042556", "price": 883.18, "amount": 0.12, "side": "sell", "timestamp": 1764999208248}, {"id": "783042557", "price": 883.17, "amount": 0.5, "side": "sell", "timestamp": 1764999208248}, {"id": "783042558", "price": 883.16, "amount": 0.7, "side": "sell", "timestamp": 1764999208248}, {"id": "783042559", "price": 883.15, "amount": 0.02, "side": "sell", "timestamp": 1764999208248}, {"id": "783042560", "price": 883.14, "amount": 0.02, "side": "sell", "timestamp": 1764999208248}, {"id": "783042561", "price": 883.13, "amount": 0.01, "side": "sell", "timestamp": 1764999208248}, {"id": "783042562", "price": 883.12, "amount": 3.71, "side": "sell", "timestamp": 1764999208248}, {"id": "783042563", "price": 883.11, "amount": 2.35, "side": "sell", "timestamp": 1764999208293}, {"id": "783042564", "price": 883.11, "amount": 6.16, "side": "buy", "timestamp": 1764999208540}, {"id": "783042565", "price": 883.12, "amount": 1.45, "side": "buy", "timestamp": 1764999208564}, {"id": "783042566", "price": 883.13, "amount": 0.13, "side": "buy", "timestamp": 1764999208578}, {"id": "783042567", "price": 883.14, "amount": 0.22, "side": "buy", "timestamp": 1764999208586}, {"id": "783042568", "price": 883.16, "amount": 0.01, "side": "buy", "timestamp": 1764999208594}, {"id": "783042569", "price": 883.17, "amount": 0.02, "side": "buy", "timestamp": 1764999208598}, {"id": "783042570", "price": 883.18, "amount": 0.05, "side": "buy", "timestamp": 1764999208604}, {"id": "783042571", "price": 883.19, "amount": 0.04, "side": "buy", "timestamp": 1764999208604}, {"id": "783042572", "price": 883.2, "amount": 0.06, "side": "buy", "timestamp": 1764999208971}, {"id": "783042573", "price": 883.19, "amount": 0.02, "side": "sell", "timestamp": 1764999209106}, {"id": "783042574", "price": 883.19, "amount": 0.01, "side": "sell", "timestamp": 1764999209777}, {"id": "783042575", "price": 883.19, "amount": 0.76, "side": "sell", "timestamp": 1764999210040}, {"id": "783042576", "price": 883.18, "amount": 0.01, "side": "sell", "timestamp": 1764999210082}, {"id": "783042577", "price": 883.16, "amount": 0.02, "side": "sell", "timestamp": 1764999210135}, {"id": "783042578", "price": 883.16, "amount": 0.02, "side": "sell", "timestamp": 1764999211179}, {"id": "783042579", "price": 883.17, "amount": 0.02, "side": "buy", "timestamp": 1764999212019}, {"id": "783042580", "price": 883.16, "amount": 0.02, "side": "sell", "timestamp": 1764999212203}, {"id": "783042581", "price": 883.16, "amount": 0.02, "side": "sell", "timestamp": 1764999213227}, {"id": "783042739", "price": 882.7, "amount": 0.02, "side": "sell", "timestamp": 1764999258642}, {"id": "783042740", "price": 882.69, "amount": 1.23, "side": "sell", "timestamp": 1764999258648}, {"id": "783042741", "price": 882.68, "amount": 0.06, "side": "sell", "timestamp": 1764999258650}, {"id": "783042742", "price": 882.67, "amount": 0.02, "side": "sell", "timestamp": 1764999258650}, {"id": "783042743", "price": 882.66, "amount": 0.09, "side": "sell", "timestamp": 1764999258650}, {"id": "783042744", "price": 882.65, "amount": 0.05, "side": "sell", "timestamp": 1764999258653}, {"id": "783042745", "price": 882.64, "amount": 0.12, "side": "sell", "timestamp": 1764999258653}, {"id": "783042746", "price": 882.63, "amount": 0.21, "side": "sell", "timestamp": 1764999258653}, {"id": "783042747", "price": 882.62, "amount": 2.88, "side": "sell", "timestamp": 1764999258665}, {"id": "783042748", "price": 882.63, "amount": 0.21, "side": "buy", "timestamp": 1764999258956}, {"id": "783042749", "price": 882.62, "amount": 2.05, "side": "sell", "timestamp": 1764999259029}, {"id": "783042750", "price": 882.63, "amount": 0.03, "side": "buy", "timestamp": 1764999259043}, {"id": "783042751", "price": 882.62, "amount": 0.02, "side": "sell", "timestamp": 1764999259188}, {"id": "783042752", "price": 882.63, "amount": 11.55, "side": "buy", "timestamp": 1764999259552}, {"id": "783042753", "price": 882.62, "amount": 0.05, "side": "sell", "timestamp": 1764999259882}, {"id": "783042754", "price": 882.61, "amount": 0.04, "side": "sell", "timestamp": 1764999259942}, {"id": "783042755", "price": 882.6, "amount": 2.02, "side": "sell", "timestamp": 1764999260022}, {"id": "783042756", "price": 882.61, "amount": 0.21, "side": "buy", "timestamp": 1764999260035}, {"id": "783042757", "price": 882.6, "amount": 0.04, "side": "sell", "timestamp": 1764999260124}, {"id": "783042758", "price": 882.6, "amount": 1.52, "side": "sell", "timestamp": 1764999260685}, {"id": "783042759", "price": 882.59, "amount": 0.05, "side": "sell", "timestamp": 1764999260694}, {"id": "783042760", "price": 882.58, "amount": 0.47, "side": "buy", "timestamp": 1764999260927}, {"id": "783042761", "price": 882.57, "amount": 0.05, "side": "sell", "timestamp": 1764999261232}, {"id": "783042762", "price": 882.58, "amount": 0.02, "side": "buy", "timestamp": 1764999261422}, {"id": "783042763", "price": 882.57, "amount": 1.38, "side": "sell", "timestamp": 1764999261475}, {"id": "783042764", "price": 882.57, "amount": 6.62, "side": "sell", "timestamp": 1764999262034}, {"id": "783042765", "price": 882.58, "amount": 1.11, "side": "buy", "timestamp": 1764999262034}, {"id": "783042766", "price": 882.57, "amount": 0.02, "side": "sell", "timestamp": 1764999262256}, {"id": "783042767", "price": 882.57, "amount": 21.76, "side": "sell", "timestamp": 1764999263039}, {"id": "783042768", "price": 882.56, "amount": 2.68, "side": "sell", "timestamp": 1764999263040}, {"id": "783042769", "price": 882.55, "amount": 0.07, "side": "sell", "timestamp": 1764999263041}, {"id": "783042770", "price": 882.54, "amount": 0.44, "side": "sell", "timestamp": 1764999263041}, {"id": "783042771", "price": 882.53, "amount": 0.05, "side": "sell", "timestamp": 1764999263041}, {"id": "783042772", "price": 882.52, "amount": 0.06, "side": "sell", "timestamp": 1764999263043}, {"id": "783042773", "price": 882.52, "amount": 0.3, "side": "buy", "timestamp": 1764999263116}, {"id": "783042774", "price": 882.51, "amount": 0.02, "side": "sell", "timestamp": 1764999263265}, {"id": "783042775", "price": 882.52, "amount": 0.02, "side": "buy", "timestamp": 1764999263553}, {"id": "783042776", "price": 882.52, "amount": 0.11, "side": "buy", "timestamp": 1764999264032}, {"id": "783042777", "price": 882.51, "amount": 0.36, "side": "sell", "timestamp": 1764999264265}, {"id": "783042778", "price": 882.5, "amount": 5.32, "side": "sell", "timestamp": 1764999264265}, {"id": "783042779", "price": 882.51, "amount": 2.5, "side": "buy", "timestamp": 1764999264268}, {"id": "783042780", "price": 882.5, "amount": 0.37, "side": "sell", "timestamp": 1764999264275}, {"id": "783042781", "price": 882.49, "amount": 0.01, "side": "sell", "timestamp": 1764999264276}, {"id": "783042782", "price": 882.48, "amount": 0.02, "side": "sell", "timestamp": 1764999264283}, {"id": "783042783", "price": 882.48, "amount": 2.66, "side": "sell", "timestamp": 1764999264821}, {"id": "783042784", "price": 882.48, "amount": 0.01, "side": "sell", "timestamp": 1764999264984}, {"id": "783042785", "price": 882.45, "amount": 0.17, "side": "sell", "timestamp": 1764999264984}, {"id": "783042786", "price": 882.46, "amount": 18.05, "side": "buy", "timestamp": 1764999264988}, {"id": "783042787", "price": 882.45, "amount": 0.02, "side": "sell", "timestamp": 1764999264993}, {"id": "783042788", "price": 882.45, "amount": 0.02, "side": "sell", "timestamp": 1764999265353}, {"id": "783042903", "price": 882.96, "amount": 0.02, "side": "sell", "timestamp": 1764999294004}, {"id": "783042904", "price": 882.96, "amount": 0.04, "side": "sell", "timestamp": 1764999294515}, {"id": "783042905", "price": 882.97, "amount": 0.06, "side": "buy", "timestamp": 1764999294813}, {"id": "783042906", "price": 882.96, "amount": 0.02, "side": "sell", "timestamp": 1764999295025}, {"id": "783042907", "price": 882.96, "amount": 0.02, "side": "sell", "timestamp": 1764999296044}, {"id": "783042908", "price": 882.97, "amount": 3.03, "side": "buy", "timestamp": 1764999296810}, {"id": "783042909", "price": 882.98, "amount": 0.04, "side": "buy", "timestamp": 1764999296810}, {"id": "783042910", "price": 882.99, "amount": 4.4, "side": "buy", "timestamp": 1764999296810}, {"id": "783042911", "price": 882.99, "amount": 0.02, "side": "sell", "timestamp": 1764999297052}, {"id": "783042912", "price": 882.99, "amount": 0.06, "side": "sell", "timestamp": 1764999297153}, {"id": "783042913", "price": 882.99, "amount": 0.03, "side": "sell", "timestamp": 1764999298104}, {"id": "783042914", "price": 882.99, "amount": 0.02, "side": "sell", "timestamp": 1764999299179}, {"id": "783042915", "price": 882.99, "amount": 0.02, "side": "sell", "timestamp": 1764999300236}, {"id": "783042916", "price": 883.0, "amount": 0.01, "side": "buy", "timestamp": 1764999300385}, {"id": "783042917", "price": 882.99, "amount": 0.02, "side": "sell", "timestamp": 1764999301273}, {"id": "783042918", "price": 883.0, "amount": 0.5, "side": "buy", "timestamp": 1764999301289}, {"id": "783042919", "price": 882.99, "amount": 0.55, "side": "sell", "timestamp": 1764999301368}, {"id": "783042920", "price": 883.0, "amount": 1.01, "side": "buy", "timestamp": 1764999301890}, {"id": "783042921", "price": 882.99, "amount": 0.02, "side": "sell", "timestamp": 1764999302349}, {"id": "783042922", "price": 882.99, "amount": 0.21, "side": "sell", "timestamp": 1764999302579}, {"id": "783042923", "price": 882.99, "amount": 0.02, "side": "sell", "timestamp": 1764999303263}, {"id": "783042924", "price": 882.99, "amount": 0.02, "side": "sell", "timestamp": 1764999303461}, {"id": "783042925", "price": 883.0, "amount": 0.11, "side": "buy", "timestamp": 1764999304308}, {"id": "783042926", "price": 882.99, "amount": 0.02, "side": "sell", "timestamp": 1764999304482}, {"id": "783042927", "price": 882.99, "amount": 0.01, "side": "sell", "timestamp": 1764999304795}, {"id": "783042928", "price": 882.99, "amount": 0.02, "side": "sell", "timestamp": 1764999305006}, {"id": "783042929", "price": 882.99, "amount": 0.02, "side": "sell", "timestamp": 1764999305506}, {"id": "783042930", "price": 882.99, "amount": 0.02, "side": "sell", "timestamp": 1764999306516}, {"id": "783042931", "price": 882.99, "amount": 0.02, "side": "sell", "timestamp": 1764999307525}, {"id": "783042932", "price": 882.99, "amount": 0.12, "side": "sell", "timestamp": 1764999308161}, {"id": "783042933", "price": 883.0, "amount": 5.66, "side": "buy", "timestamp": 1764999308300}, {"id": "783042934", "price": 882.99, "amount": 0.02, "side": "sell", "timestamp": 1764999308539}, {"id": "783042935", "price": 883.0, "amount": 0.07, "side": "buy", "timestamp": 1764999308728}, {"id": "783042936", "price": 882.99, "amount": 0.02, "side": "sell", "timestamp": 1764999309662}, {"id": "783042937", "price": 882.99, "amount": 0.15, "side": "sell", "timestamp": 1764999310135}, {"id": "783042938", "price": 883.0, "amount": 1.98, "side": "buy", "timestamp": 1764999310484}, {"id": "783042939", "price": 882.99, "amount": 0.02, "side": "sell", "timestamp": 1764999310713}, {"id": "783042940", "price": 882.99, "amount": 0.11, "side": "sell", "timestamp": 1764999311597}, {"id": "783042941", "price": 882.99, "amount": 0.02, "side": "sell", "timestamp": 1764999311782}, {"id": "783042942", "price": 882.99, "amount": 0.02, "side": "sell", "timestamp": 1764999312801}, {"id": "783042943", "price": 882.99, "amount": 0.02, "side": "sell", "timestamp": 1764999313824}, {"id": "783042944", "price": 882.99, "amount": 0.04, "side": "sell", "timestamp": 1764999314091}, {"id": "783042945", "price": 882.99, "amount": 0.01, "side": "sell", "timestamp": 1764999314412}, {"id": "783042946", "price": 882.99, "amount": 0.12, "side": "sell", "timestamp": 1764999314536}, {"id": "783042947", "price": 882.99, "amount": 0.04, "side": "sell", "timestamp": 1764999314717}, {"id": "783042948", "price": 883.0, "amount": 0.89, "side": "buy", "timestamp": 1764999314801}, {"id": "783042949", "price": 882.99, "amount": 0.02, "side": "sell", "timestamp": 1764999314833}, {"id": "783042950", "price": 883.0, "amount": 6.28, "side": "buy", "timestamp": 1764999315160}, {"id": "783042951", "price": 883.0, "amount": 6.32, "side": "buy", "timestamp": 1764999315367}, {"id": "783042952", "price": 883.0, "amount": 0.02, "side": "sell", "timestamp": 1764999315844}, {"id": "783043046", "price": 883.14, "amount": 0.06, "side": "sell", "timestamp": 1764999349743}, {"id": "783043047", "price": 883.14, "amount": 0.02, "side": "sell", "timestamp": 1764999349884}, {"id": "783043048", "price": 883.14, "amount": 0.02, "side": "sell", "timestamp": 1764999350897}, {"id": "783043049", "price": 883.14, "amount": 0.01, "side": "sell", "timestamp": 1764999351202}, {"id": "783043050", "price": 883.14, "amount": 0.02, "side": "sell", "timestamp": 1764999351919}, {"id": "783043051", "price": 883.14, "amount": 0.52, "side": "sell", "timestamp": 1764999352300}, {"id": "783043052", "price": 883.13, "amount": 0.02, "side": "sell", "timestamp": 1764999352380}, {"id": "783043053", "price": 883.12, "amount": 0.02, "side": "sell", "timestamp": 1764999352928}, {"id": "783043054", "price": 883.12, "amount": 0.02, "side": "sell", "timestamp": 1764999353938}, {"id": "783043055", "price": 883.12, "amount": 0.02, "side": "sell", "timestamp": 1764999354962}, {"id": "783043056", "price": 883.12, "amount": 0.02, "side": "sell", "timestamp": 1764999355988}, {"id": "783043057", "price": 883.12, "amount": 0.02, "side": "sell", "timestamp": 1764999357024}, {"id": "783043058", "price": 883.13, "amount": 4.91, "side": "buy", "timestamp": 1764999357686}, {"id": "783043059", "price": 883.12, "amount": 0.02, "side": "sell", "timestamp": 1764999358066}, {"id": "783043060", "price": 883.12, "amount": 0.04, "side": "sell", "timestamp": 1764999358936}, {"id": "783043061", "price": 883.12, "amount": 0.02, "side": "sell", "timestamp": 1764999359135}, {"id": "783043062", "price": 883.12, "amount": 0.01, "side": "sell", "timestamp": 1764999359666}, {"id": "783043063", "price": 883.12, "amount": 0.01, "side": "sell", "timestamp": 1764999359861}, {"id": "783043064", "price": 883.12, "amount": 0.02, "side": "sell", "timestamp": 1764999360232}, {"id": "783043065", "price": 883.12, "amount": 0.06, "side": "sell", "timestamp": 1764999360573}, {"id": "783043066", "price": 883.12, "amount": 0.02, "side": "sell", "timestamp": 1764999361242}, {"id": "783043067", "price": 883.12, "amount": 0.02, "side": "sell", "timestamp": 1764999362308}, {"id": "783043068", "price": 883.12, "amount": 0.02, "side": "sell", "timestamp": 1764999363413}, {"id": "783043069", "price": 883.13, "amount": 0.31, "side": "buy", "timestamp": 1764999364217}, {"id": "783043070", "price": 883.12, "amount": 0.02, "side": "sell", "timestamp": 1764999364536}, {"id": "783043071", "price": 883.12, "amount": 0.06, "side": "sell", "timestamp": 1764999364745}, {"id": "783043072", "price": 883.12, "amount": 0.01, "side": "sell", "timestamp": 1764999365305}, {"id": "783043073", "price": 883.12, "amount": 0.02, "side": "sell", "timestamp": 1764999365550}, {"id": "783043074", "price": 883.12, "amount": 0.02, "side": "sell", "timestamp": 1764999366564}, {"id": "783043075", "price": 883.12, "amount": 7.13, "side": "sell", "timestamp": 1764999367580}, {"id": "783043076", "price": 883.11, "amount": 0.7, "side": "sell", "timestamp": 1764999367659}, {"id": "783043077", "price": 883.1, "amount": 0.01, "side": "sell", "timestamp": 1764999367659}, {"id": "783043078", "price": 883.08, "amount": 2.45, "side": "sell", "timestamp": 1764999367666}, {"id": "783043079", "price": 883.07, "amount": 0.15, "side": "sell", "timestamp": 1764999367679}, {"id": "783043080", "price": 883.06, "amount": 0.01, "side": "sell", "timestamp": 1764999367679}, {"id": "783043081", "price": 883.05, "amount": 0.01, "side": "sell", "timestamp": 1764999367679}, {"id": "783043082", "price": 883.05, "amount": 0.59, "side": "buy", "timestamp": 1764999368067}, {"id": "783043083", "price": 883.04, "amount": 1.11, "side": "sell", "timestamp": 1764999368327}, {"id": "783043084", "price": 883.03, "amount": 0.04, "side": "sell", "timestamp": 1764999368329}, {"id": "783043085", "price": 883.02, "amount": 0.92, "side": "sell", "timestamp": 1764999368329}, {"id": "783043086", "price": 883.01, "amount": 2.42, "side": "sell", "timestamp": 1764999368329}, {"id": "783043087", "price": 883.0, "amount": 2.9, "side": "sell", "timestamp": 1764999368331}, {"id": "783043088", "price": 882.99, "amount": 4.23, "side": "sell", "timestamp": 1764999368361}, {"id": "783043089", "price": 882.99, "amount": 0.18, "side": "buy", "timestamp": 1764999368365}, {"id": "783043090", "price": 882.98, "amount": 0.06, "side": "sell", "timestamp": 1764999368366}, {"id": "783043091", "price": 882.96, "amount": 0.08, "side": "sell", "timestamp": 1764999368366}, {"id": "783043092", "price": 882.95, "amount": 0.02, "side": "sell", "timestamp": 1764999368366}, {"id": "783043093", "price": 882.93, "amount": 0.01, "side": "sell", "timestamp": 1764999368647}, {"id": "783043094", "price": 882.91, "amount": 0.15, "side": "sell", "timestamp": 1764999368647}, {"id": "783043095", "price": 882.9, "amount": 0.11, "side": "sell", "timestamp": 1764999368653}, {"id": "783043172", "price": 882.87, "amount": 0.01, "side": "buy", "timestamp": 1764999400324}, {"id": "783043173", "price": 882.86, "amount": 0.02, "side": "sell", "timestamp": 1764999400407}, {"id": "783043174", "price": 882.86, "amount": 0.06, "side": "sell", "timestamp": 1764999401165}, {"id": "783043175", "price": 882.86, "amount": 0.13, "side": "sell", "timestamp": 1764999401345}, {"id": "783043176", "price": 882.87, "amount": 1.73, "side": "buy", "timestamp": 1764999402219}, {"id": "783043177", "price": 882.86, "amount": 0.03, "side": "sell", "timestamp": 1764999402478}, {"id": "783043178", "price": 882.87, "amount": 0.01, "side": "buy", "timestamp": 1764999402870}, {"id": "783043179", "price": 882.86, "amount": 0.04, "side": "sell", "timestamp": 1764999403187}, {"id": "783043180", "price": 882.87, "amount": 0.21, "side": "buy", "timestamp": 1764999403389}, {"id": "783043181", "price": 882.86, "amount": 0.02, "side": "sell", "timestamp": 1764999403501}, {"id": "783043182", "price": 882.86, "amount": 1.1, "side": "sell", "timestamp": 1764999404071}, {"id": "783043183", "price": 882.86, "amount": 0.02, "side": "sell", "timestamp": 1764999404523}, {"id": "783043184", "price": 882.86, "amount": 0.01, "side": "sell", "timestamp": 1764999404884}, {"id": "783043185", "price": 882.86, "amount": 0.01, "side": "sell", "timestamp": 1764999405107}, {"id": "783043186", "price": 882.86, "amount": 0.02, "side": "sell", "timestamp": 1764999405543}, {"id": "783043187", "price": 882.87, "amount": 5.0, "side": "buy", "timestamp": 1764999405631}, {"id": "783043188", "price": 882.86, "amount": 0.02, "side": "sell", "timestamp": 1764999406552}, {"id": "783043189", "price": 882.86, "amount": 0.02, "side": "sell", "timestamp": 1764999407604}, {"id": "783043190", "price": 882.86, "amount": 0.34, "side": "sell", "timestamp": 1764999407800}, {"id": "783043191", "price": 882.86, "amount": 0.03, "side": "sell", "timestamp": 1764999408080}, {"id": "783043192", "price": 882.87, "amount": 0.03, "side": "buy", "timestamp": 1764999408554}, {"id": "783043193", "price": 882.86, "amount": 0.02, "side": "sell", "timestamp": 1764999408656}, {"id": "783043194", "price": 882.86, "amount": 0.01, "side": "sell", "timestamp": 1764999409241}, {"id": "783043195", "price": 882.86, "amount": 0.02, "side": "sell", "timestamp": 1764999409673}, {"id": "783043196", "price": 882.86, "amount": 0.02, "side": "sell", "timestamp": 1764999409916}, {"id": "783043197", "price": 882.86, "amount": 0.01, "side": "sell", "timestamp": 1764999410040}, {"id": "783043198", "price": 882.86, "amount": 0.02, "side": "sell", "timestamp": 1764999410688}, {"id": "783043199", "price": 882.87, "amount": 1.62, "side": "buy", "timestamp": 1764999411678}, {"id": "783043200", "price": 882.86, "amount": 0.02, "side": "sell", "timestamp": 1764999411697}, {"id": "783043201", "price": 882.86, "amount": 0.03, "side": "sell", "timestamp": 1764999412391}, {"id": "783043202", "price": 882.86, "amount": 0.02, "side": "sell", "timestamp": 1764999412719}, {"id": "783043203", "price": 882.87, "amount": 0.16, "side": "buy", "timestamp": 1764999413311}, {"id": "783043204", "price": 882.86, "amount": 0.02, "side": "sell", "timestamp": 1764999413729}, {"id": "783043205", "price": 882.86, "amount": 2.38, "side": "sell", "timestamp": 1764999414024}, {"id": "783043206", "price": 882.86, "amount": 0.01, "side": "sell", "timestamp": 1764999414514}, {"id": "783043207", "price": 882.86, "amount": 0.02, "side": "sell", "timestamp": 1764999414742}, {"id": "783043208", "price": 882.87, "amount": 0.03, "side": "buy", "timestamp": 1764999415211}, {"id": "783043209", "price": 882.87, "amount": 0.01, "side": "buy", "timestamp": 1764999415741}, {"id": "783043210", "price": 882.86, "amount": 0.02, "side": "sell", "timestamp": 1764999415763}, {"id": "783043211", "price": 882.86, "amount": 0.02, "side": "sell", "timestamp": 1764999416771}, {"id": "783043212", "price": 882.86, "amount": 0.01, "side": "sell", "timestamp": 1764999417121}, {"id": "783043213", "price": 882.86, "amount": 0.41, "side": "sell", "timestamp": 1764999417459}, {"id": "783043214", "price": 882.86, "amount": 0.02, "side": "sell", "timestamp": 1764999417798}, {"id": "783043215", "price": 882.86, "amount": 0.06, "side": "sell", "timestamp": 1764999418808}, {"id": "783043216", "price": 882.86, "amount": 0.51, "side": "sell", "timestamp": 1764999419565}, {"id": "783043217", "price": 882.87, "amount": 0.02, "side": "buy", "timestamp": 1764999419832}, {"id": "783043218", "price": 882.86, "amount": 0.02, "side": "sell", "timestamp": 1764999419857}, {"id": "783043219", "price": 882.87, "amount": 12.82, "side": "buy", "timestamp": 1764999420264}, {"id": "783043220", "price": 882.87, "amount": 6.92, "side": "buy", "timestamp": 1764999420368}, {"id": "783043221", "price": 882.86, "amount": 0.02, "side": "sell", "timestamp": 1764999420876}, {"id": "783043316", "price": 882.99, "amount": 0.02, "side": "sell", "timestamp": 1764999452884}, {"id": "783043317", "price": 882.99, "amount": 5.59, "side": "sell", "timestamp": 1764999453011}, {"id": "783043318", "price": 882.98, "amount": 0.03, "side": "sell", "timestamp": 1764999453011}, {"id": "783043319", "price": 882.97, "amount": 0.24, "side": "sell", "timestamp": 1764999453013}, {"id": "783043320", "price": 882.96, "amount": 0.01, "side": "sell", "timestamp": 1764999453018}, {"id": "783043321", "price": 882.96, "amount": 50.0, "side": "buy", "timestamp": 1764999453541}, {"id": "783043322", "price": 882.95, "amount": 0.02, "side": "sell", "timestamp": 1764999453954}, {"id": "783043323", "price": 882.96, "amount": 3.05, "side": "buy", "timestamp": 1764999454764}, {"id": "783043324", "price": 883.0, "amount": 0.04, "side": "buy", "timestamp": 1764999454769}, {"id": "783043325", "price": 883.01, "amount": 0.02, "side": "buy", "timestamp": 1764999454769}, {"id": "783043326", "price": 883.02, "amount": 0.02, "side": "buy", "timestamp": 1764999454769}, {"id": "783043327", "price": 883.03, "amount": 0.02, "side": "sell", "timestamp": 1764999454857}, {"id": "783043328", "price": 883.03, "amount": 0.01, "side": "sell", "timestamp": 1764999454973}, {"id": "783043329", "price": 883.03, "amount": 0.02, "side": "sell", "timestamp": 1764999455086}, {"id": "783043330", "price": 883.03, "amount": 1.72, "side": "sell", "timestamp": 1764999456101}, {"id": "783043331", "price": 883.03, "amount": 0.02, "side": "sell", "timestamp": 1764999457116}, {"id": "783043332", "price": 883.04, "amount": 0.31, "side": "buy", "timestamp": 1764999457662}, {"id": "783043333", "price": 883.05, "amount": 0.03, "side": "buy", "timestamp": 1764999457662}, {"id": "783043334", "price": 883.06, "amount": 5.5, "side": "buy", "timestamp": 1764999457892}, {"id": "783043335", "price": 883.05, "amount": 0.02, "side": "sell", "timestamp": 1764999458134}, {"id": "783043336", "price": 883.06, "amount": 0.9, "side": "buy", "timestamp": 1764999458949}, {"id": "783043337", "price": 883.05, "amount": 0.02, "side": "sell", "timestamp": 1764999459148}, {"id": "783043338", "price": 883.06, "amount": 0.01, "side": "buy", "timestamp": 1764999459647}, {"id": "783043339", "price": 883.05, "amount": 0.02, "side": "sell", "timestamp": 1764999460157}, {"id": "783043340", "price": 883.05, "amount": 0.02, "side": "sell", "timestamp": 1764999461168}, {"id": "783043341", "price": 883.05, "amount": 0.08, "side": "sell", "timestamp": 1764999461717}, {"id": "783043342", "price": 883.05, "amount": 10.0, "side": "sell", "timestamp": 1764999461907}, {"id": "783043343", "price": 883.05, "amount": 0.02, "side": "sell", "timestamp": 1764999462179}, {"id": "783043344", "price": 883.05, "amount": 0.02, "side": "sell", "timestamp": 1764999463188}, {"id": "783043345", "price": 883.05, "amount": 0.02, "side": "sell", "timestamp": 1764999464200}, {"id": "783043346", "price": 883.05, "amount": 0.02, "side": "sell", "timestamp": 1764999465210}, {"id": "783043347", "price": 883.05, "amount": 0.59, "side": "sell", "timestamp": 1764999465923}, {"id": "783043348", "price": 883.06, "amount": 0.06, "side": "buy", "timestamp": 1764999466000}, {"id": "783043349", "price": 883.05, "amount": 0.02, "side": "sell", "timestamp": 1764999466219}, {"id": "783043350", "price": 883.05, "amount": 0.01, "side": "sell", "timestamp": 1764999466393}, {"id": "783043351", "price": 883.05, "amount": 1.54, "side": "sell", "timestamp": 1764999466522}, {"id": "783043352", "price": 883.05, "amount": 0.02, "side": "sell", "timestamp": 1764999467247}, {"id": "783043353", "price": 883.05, "amount": 0.01, "side": "sell", "timestamp": 1764999467664}, {"id": "783043354", "price": 883.05, "amount": 0.01, "side": "sell", "timestamp": 1764999467838}, {"id": "783043355", "price": 883.05, "amount": 0.02, "side": "sell", "timestamp": 1764999468258}, {"id": "783043356", "price": 883.06, "amount": 0.04, "side": "buy", "timestamp": 1764999468386}, {"id": "783043357", "price": 883.06, "amount": 1.99, "side": "buy", "timestamp": 1764999468932}, {"id": "783043358", "price": 883.05, "amount": 0.08, "side": "sell", "timestamp": 1764999469264}, {"id": "783043359", "price": 883.06, "amount": 0.01, "side": "buy", "timestamp": 1764999469619}, {"id": "783043360", "price": 883.05, "amount": 0.02, "side": "sell", "timestamp": 1764999470316}, {"id": "783043361", "price": 883.05, "amount": 0.04, "side": "sell", "timestamp": 1764999470781}, {"id": "783043362", "price": 883.05, "amount": 0.02, "side": "sell", "timestamp": 1764999471339}, {"id": "783043363", "price": 883.06, "amount": 0.1, "side": "buy", "timestamp": 1764999471944}, {"id": "783043364", "price": 883.05, "amount": 0.02, "side": "sell", "timestamp": 1764999472376}, {"id": "783043365", "price": 883.05, "amount": 0.06, "side": "sell", "timestamp": 1764999473049}, {"id": "783043472", "price": 883.39, "amount": 0.02, "side": "sell", "timestamp": 1764999500310}, {"id": "783043473", "price": 883.4, "amount": 0.03, "side": "buy", "timestamp": 1764999501032}, {"id": "783043474", "price": 883.39, "amount": 0.03, "side": "sell", "timestamp": 1764999501238}, {"id": "783043475", "price": 883.4, "amount": 0.06, "side": "buy", "timestamp": 1764999501272}, {"id": "783043476", "price": 883.39, "amount": 0.02, "side": "sell", "timestamp": 1764999501332}, {"id": "783043477", "price": 883.4, "amount": 0.1, "side": "buy", "timestamp": 1764999501657}, {"id": "783043478", "price": 883.39, "amount": 0.02, "side": "sell", "timestamp": 1764999502356}, {"id": "783043479", "price": 883.39, "amount": 0.02, "side": "sell", "timestamp": 1764999503420}, {"id": "783043480", "price": 883.39, "amount": 0.01, "side": "sell", "timestamp": 1764999503663}, {"id": "783043481", "price": 883.39, "amount": 0.06, "side": "sell", "timestamp": 1764999504258}, {"id": "783043482", "price": 883.39, "amount": 0.02, "side": "sell", "timestamp": 1764999504450}, {"id": "783043483", "price": 883.39, "amount": 0.1, "side": "sell", "timestamp": 1764999504800}, {"id": "783043484", "price": 883.39, "amount": 0.02, "side": "sell", "timestamp": 1764999505483}, {"id": "783043485", "price": 883.39, "amount": 0.02, "side": "sell", "timestamp": 1764999506519}, {"id": "783043486", "price": 883.4, "amount": 0.02, "side": "buy", "timestamp": 1764999506811}, {"id": "783043487", "price": 883.4, "amount": 0.33, "side": "buy", "timestamp": 1764999507280}, {"id": "783043488", "price": 883.39, "amount": 0.02, "side": "sell", "timestamp": 1764999507553}, {"id": "783043489", "price": 883.39, "amount": 0.02, "side": "sell", "timestamp": 1764999508585}, {"id": "783043490", "price": 883.39, "amount": 0.02, "side": "sell", "timestamp": 1764999509600}, {"id": "783043491", "price": 883.39, "amount": 0.01, "side": "sell", "timestamp": 1764999510040}, {"id": "783043492", "price": 883.4, "amount": 0.01, "side": "buy", "timestamp": 1764999510276}, {"id": "783043493", "price": 883.39, "amount": 0.02, "side": "sell", "timestamp": 1764999510616}, {"id": "783043494", "price": 883.39, "amount": 0.02, "side": "sell", "timestamp": 1764999510992}, {"id": "783043495", "price": 883.4, "amount": 0.45, "side": "buy", "timestamp": 1764999511521}, {"id": "783043496", "price": 883.39, "amount": 0.02, "side": "sell", "timestamp": 1764999511646}, {"id": "783043497", "price": 883.4, "amount": 0.03, "side": "buy", "timestamp": 1764999511965}, {"id": "783043498", "price": 883.39, "amount": 0.02, "side": "sell", "timestamp": 1764999512654}, {"id": "783043499", "price": 883.4, "amount": 0.08, "side": "buy", "timestamp": 1764999512735}, {"id": "783043500", "price": 883.4, "amount": 5.34, "side": "buy", "timestamp": 1764999512892}, {"id": "783043501", "price": 883.4, "amount": 0.09, "side": "buy", "timestamp": 1764999513459}, {"id": "783043502", "price": 883.39, "amount": 0.02, "side": "sell", "timestamp": 1764999513677}, {"id": "783043503", "price": 883.4, "amount": 2.14, "side": "buy", "timestamp": 1764999514307}, {"id": "783043504", "price": 883.39, "amount": 0.02, "side": "sell", "timestamp": 1764999514685}, {"id": "783043505", "price": 883.39, "amount": 0.01, "side": "sell", "timestamp": 1764999515025}, {"id": "783043506", "price": 883.39, "amount": 0.02, "side": "sell", "timestamp": 1764999515720}, {"id": "783043507", "price": 883.39, "amount": 0.02, "side": "sell", "timestamp": 1764999516752}, {"id": "783043508", "price": 883.39, "amount": 0.02, "side": "sell", "timestamp": 1764999517797}, {"id": "783043509", "price": 883.39, "amount": 0.02, "side": "sell", "timestamp": 1764999518830}, {"id": "783043510", "price": 883.39, "amount": 0.02, "side": "sell", "timestamp": 1764999519875}, {"id": "783043511", "price": 883.39, "amount": 0.01, "side": "sell", "timestamp": 1764999519979}, {"id": "783043512", "price": 883.4, "amount": 2.0, "side": "buy", "timestamp": 1764999520278}, {"id": "783043513", "price": 883.39, "amount": 0.02, "side": "sell", "timestamp": 1764999520899}, {"id": "783043514", "price": 883.39, "amount": 0.02, "side": "sell", "timestamp": 1764999521908}, {"id": "783043515", "price": 883.39, "amount": 0.02, "side": "sell", "timestamp": 1764999522935}, {"id": "783043516", "price": 883.39, "amount": 0.02, "side": "sell", "timestamp": 1764999523951}, {"id": "783043517", "price": 883.4, "amount": 0.06, "side": "buy", "timestamp": 1764999524759}, {"id": "783043518", "price": 883.39, "amount": 0.01, "side": "sell", "timestamp": 1764999524913}, {"id": "783043519", "price": 883.39, "amount": 0.02, "side": "sell", "timestamp": 1764999525020}, {"id": "783043520", "price": 883.4, "amount": 0.7, "side": "buy", "timestamp": 1764999525581}, {"id": "783043521", "price": 883.39, "amount": 0.02, "side": "sell", "timestamp": 1764999525596}]