[{"id": "2649965323", "price": 3034.14, "amount": 0.001, "side": "sell", "timestamp": 1764998535795}, {"id": "2649965324", "price": 3034.15, "amount": 1.0, "side": "buy", "timestamp": 1764998536035}, {"id": "2649965325", "price": 3034.14, "amount": 0.016, "side": "sell", "timestamp": 1764998536526}, {"id": "2649965326", "price": 3034.15, "amount": 0.784, "side": "buy", "timestamp": 1764998536541}, {"id": "2649965327", "price": 3034.15, "amount": 1.689, "side": "buy", "timestamp": 1764998536659}, {"id": "2649965328", "price": 3034.15, "amount": 1.0, "side": "buy", "timestamp": 1764998537021}, {"id": "2649965329", "price": 3034.15, "amount": 0.134, "side": "buy", "timestamp": 1764998537288}, {"id": "2649965330", "price": 3034.15, "amount": 0.787, "side": "buy", "timestamp": 1764998537622}, {"id": "2649965331", "price": 3034.14, "amount": 45.542, "side": "sell", "timestamp": 1764998537760}, {"id": "2649965332", "price": 3034.13, "amount": 0.024, "side": "sell", "timestamp": 1764998537808}, {"id": "2649965333", "price": 3034.11, "amount": 0.659, "side": "sell", "timestamp": 1764998537808}, {"id": "2649965334", "price": 3034.1, "amount": 0.497, "side": "sell", "timestamp": 1764998537808}, {"id": "2649965335", "price": 3034.08, "amount": 0.039, "side": "sell", "timestamp": 1764998537813}, {"id": "2649965336", "price": 3034.07, "amount": 0.009, "side": "sell", "timestamp": 1764998537814}, {"id": "2649965337", "price": 3034.06, "amount": 0.014, "side": "sell", "timestamp": 1764998537814}, {"id": "2649965338", "price": 3034.05, "amount": 3.182, "side": "sell", "timestamp": 1764998537814}, {"id": "2649965339", "price": 3034.04, "amount": 0.06, "side": "sell", "timestamp": 1764998537814}, {"id": "2649965340", "price": 3034.03, "amount": 0.274, "side": "sell", "timestamp": 1764998537814}, {"id": "2649965341", "price": 3034.02, "amount": 0.235, "side": "sell", "timestamp": 1764998537814}, {"id": "2649965342", "price": 3034.01, "amount": 0.008, "side": "sell", "timestamp": 1764998537820}, {"id": "2649965343", "price": 3034.0, "amount": 0.822, "side": "sell", "timestamp": 1764998537820}, {"id": "2649965344", "price": 3033.99, "amount": 0.164, "side": "sell", "timestamp": 1764998537820}, {"id": "2649965345", "price": 3033.98, "amount": 0.943, "side": "sell", "timestamp": 1764998537820}, {"id": "2649965346", "price": 3033.97, "amount": 0.025, "side": "sell", "timestamp": 1764998537821}, {"id": "2649965347", "price": 3033.96, "amount": 0.68, "side": "sell", "timestamp": 1764998537821}, {"id": "2649965348", "price": 3033.95, "amount": 0.382, "side": "sell", "timestamp": 1764998537822}, {"id": "2649965349", "price": 3033.94, "amount": 0.085, "side": "sell", "timestamp": 1764998537822}, {"id": "2649965350", "price": 3033.93, "amount": 0.557, "side": "sell", "timestamp": 1764998537823}, {"id": "2649965351", "price": 3033.92, "amount": 1.898, "side": "sell", "timestamp": 1764998537826}, {"id": "2649965352", "price": 3033.91, "amount": 3.173, "side": "sell", "timestamp": 1764998537831}, {"id": "2649965353", "price": 3033.9, "amount": 0.623, "side": "sell", "timestamp": 1764998537849}, {"id": "2649965354", "price": 3033.89, "amount": 3.502, "side": "sell", "timestamp": 1764998537861}, {"id": "2649965355", "price": 3033.88, "amount": 0.008, "side": "sell", "timestamp": 1764998537893}, {"id": "2649965356", "price": 3033.87, "amount": 3.854, "side": "sell", "timestamp": 1764998537895}, {"id": "2649965357", "price": 3033.86, "amount": 0.117, "side": "sell", "timestamp": 1764998537897}, {"id": "2649965358", "price": 3033.85, "amount": 0.014, "side": "sell", "timestamp": 1764998537897}, {"id": "2649965359", "price": 3033.84, "amount": 0.016, "side": "sell", "timestamp": 1764998537897}, {"id": "2649965360", "price": 3033.82, "amount": 0.021, "side": "sell", "timestamp": 1764998537901}, {"id": "2649965361", "price": 3033.81, "amount": 0.047, "side": "sell", "timestamp": 1764998537901}, {"id": "2649965362", "price": 3033.8, "amount": 0.009, "side": "sell", "timestamp": 1764998537901}, {"id": "2649965363", "price": 3033.79, "amount": 0.007, "side": "sell", "timestamp": 1764998537902}, {"id": "2649965364", "price": 3033.77, "amount": 0.871, "side": "sell", "timestamp": 1764998537907}, {"id": "2649965365", "price": 3033.76, "amount": 0.111, "side": "sell", "timestamp": 1764998537929}, {"id": "2649965366", "price": 3033.75, "amount": 0.014, "side": "sell", "timestamp": 1764998537929}, {"id": "2649965367", "price": 3033.73, "amount": 0.014, "side": "sell", "timestamp": 1764998537929}, {"id": "2649965368", "price": 3033.72, "amount": 0.047, "side": "sell", "timestamp": 1764998537929}, {"id": "2649965369", "price": 3033.71, "amount": 0.014, "side": "sell", "timestamp": 1764998537929}, {"id": "2649965370", "price": 3033.69, "amount": 0.063, "side": "sell", "timestamp": 1764998537930}, {"id": "2649965371", "price": 3033.68, "amount": 0.048, "side": "sell", "timestamp": 1764998537930}, {"id": "2649965372", "price": 3033.67, "amount": 0.015, "side": "sell", "timestamp": 1764998537930}, {"id": "2649965601", "price": 3032.98, "amount": 0.039, "side": "buy", "timestamp": 1764998584711}, {"id": "2649965602", "price": 3032.99, "amount": 0.122, "side": "buy", "timestamp": 1764998584713}, {"id": "2649965603", "price": 3033.0, "amount": 0.794, "side": "buy", "timestamp": 1764998584716}, {"id": "2649965604", "price": 3033.02, "amount": 0.141, "side": "buy", "timestamp": 1764998584718}, {"id": "2649965605", "price": 3033.03, "amount": 0.711, "side": "buy", "timestamp": 1764998584719}, {"id": "2649965606", "price": 3033.04, "amount": 0.039, "side": "buy", "timestamp": 1764998584719}, {"id": "2649965607", "price": 3033.07, "amount": 0.437, "side": "buy", "timestamp": 1764998584719}, {"id": "2649965608", "price": 3033.08, "amount": 0.021, "side": "buy", "timestamp": 1764998584725}, {"id": "2649965609", "price": 3033.09, "amount": 0.031, "side": "buy", "timestamp": 1764998584725}, {"id": "2649965610", "price": 3033.1, "amount": 0.039, "side": "buy", "timestamp": 1764998584725}, {"id": "2649965611", "price": 3033.11, "amount": 0.021, "side": "buy", "timestamp": 1764998584725}, {"id": "2649965612", "price": 3033.12, "amount": 0.014, "side": "buy", "timestamp": 1764998584725}, {"id": "2649965613", "price": 3033.13, "amount": 0.089, "side": "buy", "timestamp": 1764998584725}, {"id": "2649965614", "price": 3033.15, "amount": 0.046, "side": "buy", "timestamp": 1764998584725}, {"id": "2649965615", "price": 3033.17, "amount": 0.039, "side": "buy", "timestamp": 1764998584737}, {"id": "2649965616", "price": 3033.18, "amount": 0.371, "side": "buy", "timestamp": 1764998584744}, {"id": "2649965617", "price": 3033.2, "amount": 0.112, "side": "buy", "timestamp": 1764998584773}, {"id": "2649965618", "price": 3033.21, "amount": 0.021, "side": "buy", "timestamp": 1764998584773}, {"id": "2649965619", "price": 3033.22, "amount": 0.014, "side": "buy", "timestamp": 1764998584773}, {"id": "2649965620", "price": 3033.24, "amount": 0.063, "side": "buy", "timestamp": 1764998584773}, {"id": "2649965621", "price": 3033.25, "amount": 0.021, "side": "buy", "timestamp": 1764998584773}, {"id": "2649965622", "price": 3033.26, "amount": 0.01, "side": "buy", "timestamp": 1764998584773}, {"id": "2649965623", "price": 3033.27, "amount": 0.05, "side": "buy", "timestamp": 1764998584778}, {"id": "2649965624", "price": 3033.28, "amount": 0.046, "side": "buy", "timestamp": 1764998584781}, {"id": "2649965625", "price": 3033.3, "amount": 0.065, "side": "buy", "timestamp": 1764998584786}, {"id": "2649965626", "price": 3033.31, "amount": 0.007, "side": "buy", "timestamp": 1764998584789}, {"id": "2649965627", "price": 3033.32, "amount": 0.007, "side": "buy", "timestamp": 1764998584790}, {"id": "2649965628", "price": 3033.33, "amount": 0.247, "side": "buy", "timestamp": 1764998584794}, {"id": "2649965629", "price": 3033.33, "amount": 0.136, "side": "buy", "timestamp": 1764998585069}, {"id": "2649965630", "price": 3033.34, "amount": 0.007, "side": "buy", "timestamp": 1764998585110}, {"id": "2649965631", "price": 3033.36, "amount": 0.008, "side": "buy", "timestamp": 1764998585110}, {"id": "2649965632", "price": 3033.37, "amount": 0.039, "side": "buy", "timestamp": 1764998585110}, {"id": "2649965633", "price": 3033.38, "amount": 0.104, "side": "buy", "timestamp": 1764998585121}, {"id": "2649965634", "price": 3033.38, "amount": 0.033, "side": "buy", "timestamp": 1764998585239}, {"id": "2649965635", "price": 3033.38, "amount": 0.318, "side": "buy", "timestamp": 1764998586020}, {"id": "2649965636", "price": 3033.39, "amount": 0.021, "side": "buy", "timestamp": 1764998586027}, {"id": "2649965637", "price": 3033.4, "amount": 0.009, "side": "buy", "timestamp": 1764998586027}, {"id": "2649965638", "price": 3033.41, "amount": 0.092, "side": "buy", "timestamp": 1764998586027}, {"id": "2649965639", "price": 3033.42, "amount": 0.014, "side": "buy", "timestamp": 1764998586027}, {"id": "2649965640", "price": 3033.44, "amount": 0.021, "side": "buy", "timestamp": 1764998586027}, {"id": "2649965641", "price": 3033.45, "amount": 0.023, "side": "buy", "timestamp": 1764998586027}, {"id": "2649965642", "price": 3033.46, "amount": 1.096, "side": "buy", "timestamp": 1764998586027}, {"id": "2649965643", "price": 3033.45, "amount": 0.025, "side": "sell", "timestamp": 1764998586249}, {"id": "2649965644", "price": 3033.45, "amount": 0.01, "side": "sell", "timestamp": 1764998586376}, {"id": "2649965645", "price": 3033.45, "amount": 0.001, "side": "sell", "timestamp": 1764998586610}, {"id": "2649965646", "price": 3033.46, "amount": 0.046, "side": "buy", "timestamp": 1764998586967}, {"id": "2649965647", "price": 3033.45, "amount": 0.71, "side": "sell", "timestamp": 1764998587143}, {"id": "2649965648", "price": 3033.45, "amount": 4.099, "side": "sell", "timestamp": 1764998587665}, {"id": "2649965649", "price": 3033.45, "amount": 1.711, "side": "sell", "timestamp": 1764998588253}, {"id": "2649965650", "price": 3033.45, "amount": 0.221, "side": "sell", "timestamp": 1764998589652}, {"id": "2649965945", "price": 3034.29, "amount": 0.164, "side": "buy", "timestamp": 1764998623086}, {"id": "2649965946", "price": 3034.33, "amount": 0.039, "side": "buy", "timestamp": 1764998623093}, {"id": "2649965947", "price": 3034.35, "amount": 0.014, "side": "buy", "timestamp": 1764998623097}, {"id": "2649965948", "price": 3034.36, "amount": 0.009, "side": "buy", "timestamp": 1764998623097}, {"id": "2649965949", "price": 3034.37, "amount": 0.01, "side": "buy", "timestamp": 1764998623097}, {"id": "2649965950", "price": 3034.38, "amount": 0.053, "side": "buy", "timestamp": 1764998623098}, {"id": "2649965951", "price": 3034.42, "amount": 0.008, "side": "buy", "timestamp": 1764998623098}, {"id": "2649965952", "price": 3034.43, "amount": 0.007, "side": "buy", "timestamp": 1764998623098}, {"id": "2649965953", "price": 3034.44, "amount": 0.092, "side": "buy", "timestamp": 1764998623098}, {"id": "2649965954", "price": 3034.45, "amount": 0.023, "side": "buy", "timestamp": 1764998623098}, {"id": "2649965955", "price": 3034.46, "amount": 0.406, "side": "buy", "timestamp": 1764998623098}, {"id": "2649965956", "price": 3034.48, "amount": 0.035, "side": "buy", "timestamp": 1764998623102}, {"id": "2649965957", "price": 3034.47, "amount": 0.007, "side": "sell", "timestamp": 1764998623162}, {"id": "2649965958", "price": 3034.48, "amount": 0.047, "side": "buy", "timestamp": 1764998623315}, {"id": "2649965959", "price": 3034.48, "amount": 0.046, "side": "buy", "timestamp": 1764998623858}, {"id": "2649965960", "price": 3034.47, "amount": 3.754, "side": "sell", "timestamp": 1764998625073}, {"id": "2649965961", "price": 3034.48, "amount": 0.688, "side": "buy", "timestamp": 1764998625299}, {"id": "2649965962", "price": 3034.47, "amount": 0.494, "side": "sell", "timestamp": 1764998625544}, {"id": "2649965963", "price": 3034.47, "amount": 0.008, "side": "sell", "timestamp": 1764998625705}, {"id": "2649965964", "price": 3034.47, "amount": 0.007, "side": "sell", "timestamp": 1764998626714}, {"id": "2649965965", "price": 3034.48, "amount": 0.034, "side": "buy", "timestamp": 1764998626716}, {"id": "2649965966", "price": 3034.48, "amount": 0.348, "side": "buy", "timestamp": 1764998627162}, {"id": "2649965967", "price": 3034.48, "amount": 0.043, "side": "buy", "timestamp": 1764998627395}, {"id": "2649965968", "price": 3034.47, "amount": 19.781, "side": "sell", "timestamp": 1764998628617}, {"id": "2649965969", "price": 3034.48, "amount": 0.988, "side": "buy", "timestamp": 1764998628866}, {"id": "2649965970", "price": 3034.48, "amount": 0.01, "side": "buy", "timestamp": 1764998629157}, {"id": "2649965971", "price": 3034.48, "amount": 0.01, "side": "buy", "timestamp": 1764998629325}, {"id": "2649965972", "price": 3034.47, "amount": 0.02, "side": "sell", "timestamp": 1764998629940}, {"id": "2649965973", "price": 3034.47, "amount": 0.001, "side": "sell", "timestamp": 1764998630568}, {"id": "2649965974", "price": 3034.47, "amount": 1.134, "side": "sell", "timestamp": 1764998631838}, {"id": "2649965975", "price": 3034.47, "amount": 0.016, "side": "sell", "timestamp": 1764998633116}, {"id": "2649965976", "price": 3034.48, "amount": 0.01, "side": "buy", "timestamp": 1764998633374}, {"id": "2649965977", "price": 3034.48, "amount": 0.02, "side": "buy", "timestamp": 1764998634058}, {"id": "2649965978", "price": 3034.47, "amount": 0.522, "side": "sell", "timestamp": 1764998634623}, {"id": "2649965979", "price": 3034.47, "amount": 0.001, "side": "sell", "timestamp": 1764998635009}, {"id": "2649965980", "price": 3034.48, "amount": 0.007, "side": "buy", "timestamp": 1764998635080}, {"id": "2649965981", "price": 3034.47, "amount": 0.269, "side": "sell", "timestamp": 1764998635474}, {"id": "2649965982", "price": 3034.48, "amount": 0.825, "side": "buy", "timestamp": 1764998635584}, {"id": "2649965983", "price": 3034.48, "amount": 0.007, "side": "buy", "timestamp": 1764998635919}, {"id": "2649965984", "price": 3034.48, "amount": 0.25, "side": "buy", "timestamp": 1764998636898}, {"id": "2649965985", "price": 3034.47, "amount": 0.001, "side": "sell", "timestamp": 1764998637129}, {"id": "2649965986", "price": 3034.48, "amount": 0.086, "side": "buy", "timestamp": 1764998637305}, {"id": "2649965987", "price": 3034.47, "amount": 1.263, "side": "sell", "timestamp": 1764998637671}, {"id": "2649965988", "price": 3034.48, "amount": 0.018, "side": "buy", "timestamp": 1764998638030}, {"id": "2649965989", "price": 3034.47, "amount": 0.728, "side": "sell", "timestamp": 1764998638109}, {"id": "2649965990", "price": 3034.48, "amount": 0.016, "side": "buy", "timestamp": 1764998638483}, {"id": "2649965991", "price": 3034.48, "amount": 0.073, "side": "buy", "timestamp": 1764998638829}, {"id": "2649965992", "price": 3034.47, "amount": 0.007, "side": "sell", "timestamp": 1764998638973}, {"id": "2649965993", "price": 3034.47, "amount": 0.032, "side": "sell", "timestamp": 1764998639762}, {"id": "2649965994", "price": 3034.48, "amount": 0.197, "side": "buy", "timestamp": 1764998640777}, {"id": "2649966431", "price": 3036.19, "amount": 0.021, "side": "buy", "timestamp": 1764998684610}, {"id": "2649966432", "price": 3036.2, "amount": 0.329, "side": "buy", "timestamp": 1764998684610}, {"id": "2649966433", "price": 3036.21, "amount": 4.514, "side": "buy", "timestamp": 1764998684610}, {"id": "2649966434", "price": 3036.22, "amount": 0.081, "side": "buy", "timestamp": 1764998684610}, {"id": "2649966435", "price": 3036.23, "amount": 0.172, "side": "buy", "timestamp": 1764998684611}, {"id": "2649966436", "price": 3036.24, "amount": 1.008, "side": "buy", "timestamp": 1764998684611}, {"id": "2649966437", "price": 3036.26, "amount": 0.039, "side": "buy", "timestamp": 1764998684624}, {"id": "2649966438", "price": 3036.27, "amount": 0.014, "side": "buy", "timestamp": 1764998684624}, {"id": "2649966439", "price": 3036.28, "amount": 0.038, "side": "buy", "timestamp": 1764998684624}, {"id": "2649966440", "price": 3036.3, "amount": 0.06, "side": "buy", "timestamp": 1764998684624}, {"id": "2649966441", "price": 3036.31, "amount": 0.022, "side": "buy", "timestamp": 1764998684624}, {"id": "2649966442", "price": 3036.32, "amount": 0.084, "side": "buy", "timestamp": 1764998684624}, {"id": "2649966443", "price": 3036.33, "amount": 0.029, "side": "buy", "timestamp": 1764998684624}, {"id": "2649966444", "price": 3036.34, "amount": 0.402, "side": "buy", "timestamp": 1764998684624}, {"id": "2649966445", "price": 3036.36, "amount": 0.054, "side": "buy", "timestamp": 1764998684624}, {"id": "2649966446", "price": 3036.37, "amount": 0.023, "side": "buy", "timestamp": 1764998684624}, {"id": "2649966447", "price": 3036.38, "amount": 0.056, "side": "buy", "timestamp": 1764998684624}, {"id": "2649966448", "price": 3036.39, "amount": 0.736, "side": "buy", "timestamp": 1764998685594}, {"id": "2649966449", "price": 3036.4, "amount": 0.958, "side": "buy", "timestamp": 1764998685594}, {"id": "2649966450", "price": 3036.39, "amount": 0.001, "side": "sell", "timestamp": 1764998685853}, {"id": "2649966451", "price": 3036.4, "amount": 0.015, "side": "buy", "timestamp": 1764998685860}, {"id": "2649966452", "price": 3036.4, "amount": 0.072, "side": "buy", "timestamp": 1764998686191}, {"id": "2649966453", "price": 3036.4, "amount": 0.988, "side": "buy", "timestamp": 1764998686356}, {"id": "2649966454", "price": 3036.39, "amount": 1.311, "side": "sell", "timestamp": 1764998686456}, {"id": "2649966455", "price": 3036.4, "amount": 0.008, "side": "buy", "timestamp": 1764998686517}, {"id": "2649966456", "price": 3036.4, "amount": 0.983, "side": "buy", "timestamp": 1764998686627}, {"id": "2649966457", "price": 3036.39, "amount": 1.198, "side": "sell", "timestamp": 1764998686882}, {"id": "2649966458", "price": 3036.4, "amount": 0.507, "side": "buy", "timestamp": 1764998686977}, {"id": "2649966459", "price": 3036.39, "amount": 0.001, "side": "sell", "timestamp": 1764998687406}, {"id": "2649966460", "price": 3036.4, "amount": 0.592, "side": "buy", "timestamp": 1764998687659}, {"id": "2649966461", "price": 3036.41, "amount": 0.587, "side": "buy", "timestamp": 1764998687659}, {"id": "2649966462", "price": 3036.42, "amount": 0.31, "side": "buy", "timestamp": 1764998687663}, {"id": "2649966463", "price": 3036.41, "amount": 0.306, "side": "sell", "timestamp": 1764998687665}, {"id": "2649966464", "price": 3036.42, "amount": 0.012, "side": "buy", "timestamp": 1764998687779}, {"id": "2649966465", "price": 3036.41, "amount": 0.819, "side": "sell", "timestamp": 1764998688013}, {"id": "2649966466", "price": 3036.42, "amount": 0.527, "side": "buy", "timestamp": 1764998688253}, {"id": "2649966467", "price": 3036.41, "amount": 1.0, "side": "sell", "timestamp": 1764998688447}, {"id": "2649966468", "price": 3036.42, "amount": 1.338, "side": "buy", "timestamp": 1764998688505}, {"id": "2649966469", "price": 3036.41, "amount": 0.563, "side": "sell", "timestamp": 1764998688608}, {"id": "2649966470", "price": 3036.42, "amount": 0.976, "side": "buy", "timestamp": 1764998688660}, {"id": "2649966471", "price": 3036.42, "amount": 0.046, "side": "buy", "timestamp": 1764998688965}, {"id": "2649966472", "price": 3036.41, "amount": 0.851, "side": "sell", "timestamp": 1764998689204}, {"id": "2649966473", "price": 3036.41, "amount": 0.001, "side": "sell", "timestamp": 1764998689365}, {"id": "2649966474", "price": 3036.42, "amount": 0.973, "side": "buy", "timestamp": 1764998689629}, {"id": "2649966475", "price": 3036.42, "amount": 0.97, "side": "buy", "timestamp": 1764998690613}, {"id": "2649966476", "price": 3036.41, "amount": 3.452, "side": "sell", "timestamp": 1764998690618}, {"id": "2649966477", "price": 3036.41, "amount": 0.001, "side": "sell", "timestamp": 1764998691103}, {"id": "2649966478", "price": 3036.42, "amount": 0.967, "side": "buy", "timestamp": 1764998691687}, {"id": "2649966479", "price": 3036.42, "amount": 0.01, "side": "buy", "timestamp": 1764998692079}, {"id": "2649966480", "price": 3036.42, "amount": 0.017, "side": "buy", "timestamp": 1764998692255}, {"id": "2649966698", "price": 3035.34, "amount": 0.308, "side": "sell", "timestamp": 1764998733916}, {"id": "2649966699", "price": 3035.35, "amount": 1.1, "side": "buy", "timestamp": 1764998734056}, {"id": "2649966700", "price": 3035.34, "amount": 0.331, "side": "sell", "timestamp": 1764998734160}, {"id": "2649966701", "price": 3035.34, "amount": 0.598, "side": "sell", "timestamp": 1764998734293}, {"id": "2649966702", "price": 3035.35, "amount": 0.059, "side": "buy", "timestamp": 1764998734457}, {"id": "2649966703", "price": 3035.35, "amount": 0.759, "side": "buy", "timestamp": 1764998734738}, {"id": "2649966704", "price": 3035.35, "amount": 5.636, "side": "buy", "timestamp": 1764998734912}, {"id": "2649966705", "price": 3035.34, "amount": 0.102, "side": "sell", "timestamp": 1764998735581}, {"id": "2649966706", "price": 3035.35, "amount": 0.754, "side": "buy", "timestamp": 1764998735757}, {"id": "2649966707", "price": 3035.35, "amount": 0.042, "side": "buy", "timestamp": 1764998736410}, {"id": "2649966708", "price": 3035.35, "amount": 0.749, "side": "buy", "timestamp": 1764998736675}, {"id": "2649966709", "price": 3035.34, "amount": 0.382, "side": "sell", "timestamp": 1764998736701}, {"id": "2649966710", "price": 3035.35, "amount": 3.879, "side": "buy", "timestamp": 1764998736760}, {"id": "2649966711", "price": 3035.34, "amount": 0.009, "side": "sell", "timestamp": 1764998736828}, {"id": "2649966712", "price": 3035.34, "amount": 0.04, "side": "sell", "timestamp": 1764998737359}, {"id": "2649966713", "price": 3035.34, "amount": 0.216, "side": "sell", "timestamp": 1764998737536}, {"id": "2649966714", "price": 3035.35, "amount": 0.744, "side": "buy", "timestamp": 1764998737618}, {"id": "2649966715", "price": 3035.34, "amount": 2.334, "side": "sell", "timestamp": 1764998737696}, {"id": "2649966716", "price": 3035.33, "amount": 0.097, "side": "sell", "timestamp": 1764998737696}, {"id": "2649966717", "price": 3035.32, "amount": 0.046, "side": "sell", "timestamp": 1764998737696}, {"id": "2649966718", "price": 3035.31, "amount": 0.217, "side": "sell", "timestamp": 1764998737696}, {"id": "2649966719", "price": 3035.3, "amount": 0.569, "side": "sell", "timestamp": 1764998737696}, {"id": "2649966720", "price": 3035.29, "amount": 0.082, "side": "sell", "timestamp": 1764998737696}, {"id": "2649966721", "price": 3035.28, "amount": 0.543, "side": "sell", "timestamp": 1764998737696}, {"id": "2649966722", "price": 3035.27, "amount": 0.047, "side": "sell", "timestamp": 1764998737696}, {"id": "2649966723", "price": 3035.26, "amount": 0.007, "side": "sell", "timestamp": 1764998737696}, {"id": "2649966724", "price": 3035.25, "amount": 2.447, "side": "sell", "timestamp": 1764998737696}, {"id": "2649966725", "price": 3035.24, "amount": 1.852, "side": "sell", "timestamp": 1764998737696}, {"id": "2649966726", "price": 3035.23, "amount": 0.047, "side": "sell", "timestamp": 1764998737736}, {"id": "2649966727", "price": 3035.22, "amount": 0.014, "side": "sell", "timestamp": 1764998737736}, {"id": "2649966728", "price": 3035.21, "amount": 0.007, "side": "sell", "timestamp": 1764998737736}, {"id": "2649966729", "price": 3035.19, "amount": 10.0, "side": "sell", "timestamp": 1764998737941}, {"id": "2649966730", "price": 3035.19, "amount": 0.09, "side": "sell", "timestamp": 1764998738240}, {"id": "2649966731", "price": 3035.2, "amount": 0.008, "side": "buy", "timestamp": 1764998738315}, {"id": "2649966732", "price": 3035.2, "amount": 0.746, "side": "buy", "timestamp": 1764998738554}, {"id": "2649966733", "price": 3035.2, "amount": 0.621, "side": "buy", "timestamp": 1764998738775}, {"id": "2649966734", "price": 3035.2, "amount": 0.033, "side": "buy", "timestamp": 1764998738908}, {"id": "2649966735", "price": 3035.2, "amount": 0.734, "side": "buy", "timestamp": 1764998739550}, {"id": "2649966736", "price": 3035.19, "amount": 10.0, "side": "sell", "timestamp": 1764998740437}, {"id": "2649966737", "price": 3035.2, "amount": 0.935, "side": "buy", "timestamp": 1764998740485}, {"id": "2649966738", "price": 3035.2, "amount": 0.724, "side": "buy", "timestamp": 1764998741417}, {"id": "2649966739", "price": 3035.19, "amount": 0.016, "side": "sell", "timestamp": 1764998741437}, {"id": "2649966740", "price": 3035.19, "amount": 0.032, "side": "sell", "timestamp": 1764998741575}, {"id": "2649966741", "price": 3035.2, "amount": 0.01, "side": "buy", "timestamp": 1764998741764}, {"id": "2649966742", "price": 3035.19, "amount": 0.658, "side": "sell", "timestamp": 1764998741891}, {"id": "2649966743", "price": 3035.19, "amount": 0.015, "side": "sell", "timestamp": 1764998742242}, {"id": "2649966744", "price": 3035.2, "amount": 0.876, "side": "buy", "timestamp": 1764998742349}, {"id": "2649966745", "price": 3035.19, "amount": 0.512, "side": "sell", "timestamp": 1764998742692}, {"id": "2649966746", "price": 3035.2, "amount": 0.715, "side": "buy", "timestamp": 1764998743309}, {"id": "2649966747", "price": 3035.19, "amount": 1.647, "side": "sell", "timestamp": 1764998743473}, {"id": "2649966959", "price": 3034.33, "amount": 0.114, "side": "buy", "timestamp": 1764998789717}, {"id": "2649966960", "price": 3034.33, "amount": 0.01, "side": "buy", "timestamp": 1764998790107}, {"id": "2649966961", "price": 3034.33, "amount": 0.51, "side": "buy", "timestamp": 1764998790572}, {"id": "2649966962", "price": 3034.32, "amount": 12.04, "side": "sell", "timestamp": 1764998790837}, {"id": "2649966963", "price": 3034.31, "amount": 0.008, "side": "sell", "timestamp": 1764998790839}, {"id": "2649966964", "price": 3034.29, "amount": 0.048, "side": "sell", "timestamp": 1764998790839}, {"id": "2649966965", "price": 3034.28, "amount": 0.25, "side": "sell", "timestamp": 1764998790839}, {"id": "2649966966", "price": 3034.25, "amount": 0.067, "side": "sell", "timestamp": 1764998790843}, {"id": "2649966967", "price": 3034.21, "amount": 0.686, "side": "sell", "timestamp": 1764998790847}, {"id": "2649966968", "price": 3034.2, "amount": 0.432, "side": "sell", "timestamp": 1764998790849}, {"id": "2649966969", "price": 3034.19, "amount": 0.903, "side": "sell", "timestamp": 1764998790919}, {"id": "2649966970", "price": 3034.18, "amount": 1.515, "side": "sell", "timestamp": 1764998790919}, {"id": "2649966971", "price": 3034.17, "amount": 0.008, "side": "sell", "timestamp": 1764998790919}, {"id": "2649966972", "price": 3034.16, "amount": 0.046, "side": "sell", "timestamp": 1764998790919}, {"id": "2649966973", "price": 3034.15, "amount": 0.361, "side": "sell", "timestamp": 1764998790919}, {"id": "2649966974", "price": 3034.14, "amount": 0.164, "side": "sell", "timestamp": 1764998790919}, {"id": "2649966975", "price": 3034.13, "amount": 1.021, "side": "sell", "timestamp": 1764998790919}, {"id": "2649966976", "price": 3034.12, "amount": 0.111, "side": "sell", "timestamp": 1764998790919}, {"id": "2649966977", "price": 3034.11, "amount": 0.337, "side": "sell", "timestamp": 1764998790919}, {"id": "2649966978", "price": 3034.1, "amount": 24.825, "side": "sell", "timestamp": 1764998790919}, {"id": "2649966979", "price": 3034.09, "amount": 0.047, "side": "sell", "timestamp": 1764998790942}, {"id": "2649966980", "price": 3034.08, "amount": 0.017, "side": "sell", "timestamp": 1764998790942}, {"id": "2649966981", "price": 3034.07, "amount": 0.021, "side": "sell", "timestamp": 1764998790942}, {"id": "2649966982", "price": 3034.05, "amount": 0.007, "side": "sell", "timestamp": 1764998790942}, {"id": "2649966983", "price": 3034.04, "amount": 0.059, "side": "sell", "timestamp": 1764998790942}, {"id": "2649966984", "price": 3034.02, "amount": 0.363, "side": "sell", "timestamp": 1764998790945}, {"id": "2649966985", "price": 3034.02, "amount": 1.28, "side": "sell", "timestamp": 1764998791519}, {"id": "2649966986", "price": 3034.03, "amount": 0.008, "side": "buy", "timestamp": 1764998792039}, {"id": "2649966987", "price": 3034.03, "amount": 0.247, "side": "buy", "timestamp": 1764998792892}, {"id": "2649966988", "price": 3034.02, "amount": 2.0, "side": "sell", "timestamp": 1764998792999}, {"id": "2649966989", "price": 3034.03, "amount": 0.008, "side": "buy", "timestamp": 1764998793199}, {"id": "2649966990", "price": 3034.02, "amount": 0.008, "side": "sell", "timestamp": 1764998793508}, {"id": "2649966991", "price": 3034.02, "amount": 0.117, "side": "sell", "timestamp": 1764998793866}, {"id": "2649966992", "price": 3034.02, "amount": 10.941, "side": "sell", "timestamp": 1764998794987}, {"id": "2649966993", "price": 3034.01, "amount": 0.008, "side": "sell", "timestamp": 1764998794987}, {"id": "2649966994", "price": 3034.0, "amount": 0.042, "side": "sell", "timestamp": 1764998794987}, {"id": "2649966995", "price": 3034.0, "amount": 0.205, "side": "buy", "timestamp": 1764998795016}, {"id": "2649966996", "price": 3033.99, "amount": 1.584, "side": "sell", "timestamp": 1764998795061}, {"id": "2649966997", "price": 3033.98, "amount": 0.04, "side": "sell", "timestamp": 1764998795063}, {"id": "2649966998", "price": 3033.97, "amount": 0.457, "side": "sell", "timestamp": 1764998795063}, {"id": "2649966999", "price": 3033.95, "amount": 0.351, "side": "sell", "timestamp": 1764998795065}, {"id": "2649967000", "price": 3033.95, "amount": 3.992, "side": "buy", "timestamp": 1764998795645}, {"id": "2649967001", "price": 3033.94, "amount": 1.12, "side": "sell", "timestamp": 1764998796342}, {"id": "2649967002", "price": 3033.93, "amount": 0.057, "side": "sell", "timestamp": 1764998796345}, {"id": "2649967003", "price": 3033.92, "amount": 0.031, "side": "sell", "timestamp": 1764998796345}, {"id": "2649967004", "price": 3033.91, "amount": 0.007, "side": "sell", "timestamp": 1764998796345}, {"id": "2649967005", "price": 3033.9, "amount": 0.211, "side": "sell", "timestamp": 1764998796345}, {"id": "2649967006", "price": 3033.89, "amount": 0.395, "side": "sell", "timestamp": 1764998796351}, {"id": "2649967007", "price": 3033.88, "amount": 0.046, "side": "sell", "timestamp": 1764998796351}, {"id": "2649967008", "price": 3033.87, "amount": 0.412, "side": "sell", "timestamp": 1764998796354}, {"id": "2649967199", "price": 3034.34, "amount": 0.329, "side": "sell", "timestamp": 1764998837093}, {"id": "2649967200", "price": 3034.35, "amount": 0.01, "side": "buy", "timestamp": 1764998837299}, {"id": "2649967201", "price": 3034.34, "amount": 16.501, "side": "sell", "timestamp": 1764998837616}, {"id": "2649967202", "price": 3034.34, "amount": 43.003, "side": "sell", "timestamp": 1764998838130}, {"id": "2649967203", "price": 3034.33, "amount": 0.063, "side": "sell", "timestamp": 1764998838130}, {"id": "2649967204", "price": 3034.31, "amount": 0.014, "side": "sell", "timestamp": 1764998838130}, {"id": "2649967205", "price": 3034.29, "amount": 0.064, "side": "sell", "timestamp": 1764998838130}, {"id": "2649967206", "price": 3034.28, "amount": 0.212, "side": "sell", "timestamp": 1764998838130}, {"id": "2649967207", "price": 3034.27, "amount": 0.054, "side": "sell", "timestamp": 1764998838130}, {"id": "2649967208", "price": 3034.26, "amount": 0.014, "side": "sell", "timestamp": 1764998838130}, {"id": "2649967209", "price": 3034.25, "amount": 0.014, "side": "sell", "timestamp": 1764998838130}, {"id": "2649967210", "price": 3034.24, "amount": 0.014, "side": "sell", "timestamp": 1764998838130}, {"id": "2649967211", "price": 3034.23, "amount": 0.075, "side": "sell", "timestamp": 1764998838130}, {"id": "2649967212", "price": 3034.22, "amount": 0.395, "side": "sell", "timestamp": 1764998838130}, {"id": "2649967213", "price": 3034.2, "amount": 0.212, "side": "sell", "timestamp": 1764998838130}, {"id": "2649967214", "price": 3034.19, "amount": 2.157, "side": "sell", "timestamp": 1764998838130}, {"id": "2649967215", "price": 3034.18, "amount": 3.96, "side": "sell", "timestamp": 1764998838130}, {"id": "2649967216", "price": 3034.17, "amount": 0.509, "side": "sell", "timestamp": 1764998838135}, {"id": "2649967217", "price": 3034.16, "amount": 0.008, "side": "sell", "timestamp": 1764998838144}, {"id": "2649967218", "price": 3034.13, "amount": 0.429, "side": "sell", "timestamp": 1764998838147}, {"id": "2649967219", "price": 3034.11, "amount": 0.014, "side": "sell", "timestamp": 1764998838151}, {"id": "2649967220", "price": 3034.1, "amount": 0.666, "side": "sell", "timestamp": 1764998838154}, {"id": "2649967221", "price": 3034.09, "amount": 0.008, "side": "sell", "timestamp": 1764998838159}, {"id": "2649967222", "price": 3034.08, "amount": 0.049, "side": "sell", "timestamp": 1764998838159}, {"id": "2649967223", "price": 3034.07, "amount": 0.017, "side": "sell", "timestamp": 1764998838159}, {"id": "2649967224", "price": 3034.06, "amount": 0.034, "side": "sell", "timestamp": 1764998838210}, {"id": "2649967225", "price": 3034.07, "amount": 0.111, "side": "buy", "timestamp": 1764998838447}, {"id": "2649967226", "price": 3034.06, "amount": 0.659, "side": "sell", "timestamp": 1764998838470}, {"id": "2649967227", "price": 3034.06, "amount": 0.555, "side": "sell", "timestamp": 1764998839338}, {"id": "2649967228", "price": 3034.07, "amount": 0.023, "side": "buy", "timestamp": 1764998839993}, {"id": "2649967229", "price": 3034.06, "amount": 2.074, "side": "sell", "timestamp": 1764998840147}, {"id": "2649967230", "price": 3034.07, "amount": 0.847, "side": "buy", "timestamp": 1764998841919}, {"id": "2649967231", "price": 3034.08, "amount": 1.382, "side": "buy", "timestamp": 1764998841919}, {"id": "2649967232", "price": 3034.09, "amount": 0.014, "side": "buy", "timestamp": 1764998841919}, {"id": "2649967233", "price": 3034.1, "amount": 0.039, "side": "buy", "timestamp": 1764998841919}, {"id": "2649967234", "price": 3034.12, "amount": 0.014, "side": "buy", "timestamp": 1764998841919}, {"id": "2649967235", "price": 3034.14, "amount": 0.039, "side": "buy", "timestamp": 1764998841919}, {"id": "2649967236", "price": 3034.15, "amount": 0.028, "side": "buy", "timestamp": 1764998841919}, {"id": "2649967237", "price": 3034.16, "amount": 0.009, "side": "buy", "timestamp": 1764998841919}, {"id": "2649967238", "price": 3034.17, "amount": 0.01, "side": "buy", "timestamp": 1764998841919}, {"id": "2649967239", "price": 3034.18, "amount": 1.109, "side": "buy", "timestamp": 1764998841919}, {"id": "2649967240", "price": 3034.17, "amount": 1.012, "side": "sell", "timestamp": 1764998842275}, {"id": "2649967241", "price": 3034.17, "amount": 0.086, "side": "sell", "timestamp": 1764998842878}, {"id": "2649967242", "price": 3034.18, "amount": 0.01, "side": "buy", "timestamp": 1764998846072}, {"id": "2649967243", "price": 3034.17, "amount": 4.537, "side": "sell", "timestamp": 1764998846088}, {"id": "2649967244", "price": 3034.17, "amount": 0.014, "side": "sell", "timestamp": 1764998846763}, {"id": "2649967245", "price": 3034.18, "amount": 0.433, "side": "buy", "timestamp": 1764998847066}, {"id": "2649967246", "price": 3034.17, "amount": 0.008, "side": "sell", "timestamp": 1764998847981}, {"id": "2649967247", "price": 3034.18, "amount": 0.245, "side": "buy", "timestamp": 1764998847981}, {"id": "2649967248", "price": 3034.17, "amount": 0.021, "side": "sell", "timestamp": 1764998848073}, {"id": "2649967295", "price": 3034.06, "amount": 0.027, "side": "buy", "timestamp": 1764998868626}, {"id": "2649967296", "price": 3034.06, "amount": 1.062, "side": "buy", "timestamp": 1764998869462}, {"id": "2649967297", "price": 3034.05, "amount": 0.008, "side": "sell", "timestamp": 1764998869916}, {"id": "2649967298", "price": 3034.05, "amount": 0.04, "side": "sell", "timestamp": 1764998870377}, {"id": "2649967299", "price": 3034.06, "amount": 0.019, "side": "buy", "timestamp": 1764998871097}, {"id": "2649967300", "price": 3034.06, "amount": 0.013, "side": "buy", "timestamp": 1764998871236}, {"id": "2649967301", "price": 3034.06, "amount": 0.01, "side": "buy", "timestamp": 1764998871843}, {"id": "2649967302", "price": 3034.06, "amount": 2.797, "side": "buy", "timestamp": 1764998872106}, {"id": "2649967303", "price": 3034.06, "amount": 0.01, "side": "buy", "timestamp": 1764998872996}, {"id": "2649967304", "price": 3034.06, "amount": 0.028, "side": "buy", "timestamp": 1764998874621}, {"id": "2649967305", "price": 3034.05, "amount": 2.96, "side": "sell", "timestamp": 1764998875105}, {"id": "2649967306", "price": 3034.06, "amount": 0.012, "side": "buy", "timestamp": 1764998875280}, {"id": "2649967307", "price": 3034.05, "amount": 0.033, "side": "sell", "timestamp": 1764998875384}, {"id": "2649967308", "price": 3034.05, "amount": 2.0, "side": "sell", "timestamp": 1764998875916}, {"id": "2649967309", "price": 3034.05, "amount": 2.0, "side": "sell", "timestamp": 1764998876396}, {"id": "2649967310", "price": 3034.06, "amount": 0.064, "side": "buy", "timestamp": 1764998877162}, {"id": "2649967311", "price": 3034.06, "amount": 0.014, "side": "buy", "timestamp": 1764998878190}, {"id": "2649967312", "price": 3034.05, "amount": 0.22, "side": "sell", "timestamp": 1764998879468}, {"id": "2649967313", "price": 3034.05, "amount": 0.012, "side": "sell", "timestamp": 1764998879954}, {"id": "2649967314", "price": 3034.05, "amount": 0.367, "side": "sell", "timestamp": 1764998880339}, {"id": "2649967315", "price": 3034.06, "amount": 0.187, "side": "buy", "timestamp": 1764998880483}, {"id": "2649967316", "price": 3034.06, "amount": 0.015, "side": "buy", "timestamp": 1764998881118}, {"id": "2649967317", "price": 3034.06, "amount": 0.01, "side": "buy", "timestamp": 1764998881772}, {"id": "2649967318", "price": 3034.06, "amount": 0.042, "side": "buy", "timestamp": 1764998882570}, {"id": "2649967319", "price": 3034.06, "amount": 0.01, "side": "buy", "timestamp": 1764998882767}, {"id": "2649967320", "price": 3034.05, "amount": 0.181, "side": "sell", "timestamp": 1764998882847}, {"id": "2649967321", "price": 3034.06, "amount": 0.01, "side": "buy", "timestamp": 1764998883524}, {"id": "2649967322", "price": 3034.05, "amount": 3.163, "side": "sell", "timestamp": 1764998883813}, {"id": "2649967323", "price": 3034.06, "amount": 0.007, "side": "buy", "timestamp": 1764998885095}, {"id": "2649967324", "price": 3034.06, "amount": 0.015, "side": "buy", "timestamp": 1764998885413}, {"id": "2649967325", "price": 3034.05, "amount": 0.014, "side": "sell", "timestamp": 1764998885570}, {"id": "2649967326", "price": 3034.05, "amount": 0.6, "side": "sell", "timestamp": 1764998885672}, {"id": "2649967327", "price": 3034.06, "amount": 1.754, "side": "buy", "timestamp": 1764998886442}, {"id": "2649967328", "price": 3034.05, "amount": 0.008, "side": "sell", "timestamp": 1764998887536}, {"id": "2649967329", "price": 3034.06, "amount": 0.042, "side": "buy", "timestamp": 1764998889250}, {"id": "2649967330", "price": 3034.05, "amount": 0.03, "side": "sell", "timestamp": 1764998889523}, {"id": "2649967331", "price": 3034.05, "amount": 0.213, "side": "sell", "timestamp": 1764998889960}, {"id": "2649967332", "price": 3034.05, "amount": 0.01, "side": "sell", "timestamp": 1764998890074}, {"id": "2649967333", "price": 3034.06, "amount": 0.373, "side": "buy", "timestamp": 1764998890083}, {"id": "2649967334", "price": 3034.06, "amount": 0.02, "side": "buy", "timestamp": 1764998890763}, {"id": "2649967335", "price": 3034.06, "amount": 0.01, "side": "buy", "timestamp": 1764998890993}, {"id": "2649967336", "price": 3034.05, "amount": 0.519, "side": "sell", "timestamp": 1764998891328}, {"id": "2649967337", "price": 3034.06, "amount": 1.148, "side": "buy", "timestamp": 1764998891837}, {"id": "2649967338", "price": 3034.06, "amount": 0.016, "side": "buy", "timestamp": 1764998893277}, {"id": "2649967339", "price": 3034.06, "amount": 0.012, "side": "buy", "timestamp": 1764998893756}, {"id": "2649967340", "price": 3034.05, "amount": 1.451, "side": "sell", "timestamp": 1764998894405}, {"id": "2649967341", "price": 3034.06, "amount": 0.02, "side": "buy", "timestamp": 1764998895947}, {"id": "2649967342", "price": 3034.05, "amount": 0.016, "side": "sell", "timestamp": 1764998897376}, {"id": "2649967343", "price": 3034.06, "amount": 0.025, "side": "buy", "timestamp": 1764998899568}, {"id": "2649967344", "price": 3034.05, "amount": 0.032, "side": "sell", "timestamp": 1764998899750}, {"id": "2649967560", "price": 3034.9, "amount": 1.017, "side": "buy", "timestamp": 1764998945934}, {"id": "2649967561", "price": 3034.92, "amount": 0.356, "side": "buy", "timestamp": 1764998945937}, {"id": "2649967562", "price": 3034.93, "amount": 0.014, "side": "buy", "timestamp": 1764998945937}, {"id": "2649967563", "price": 3034.95, "amount": 0.007, "side": "buy", "timestamp": 1764998945938}, {"id": "2649967564", "price": 3034.96, "amount": 0.039, "side": "buy", "timestamp": 1764998945944}, {"id": "2649967565", "price": 3034.97, "amount": 0.046, "side": "buy", "timestamp": 1764998945944}, {"id": "2649967566", "price": 3034.98, "amount": 0.545, "side": "buy", "timestamp": 1764998945944}, {"id": "2649967567", "price": 3034.99, "amount": 0.024, "side": "buy", "timestamp": 1764998945967}, {"id": "2649967568", "price": 3035.0, "amount": 0.197, "side": "buy", "timestamp": 1764998946232}, {"id": "2649967569", "price": 3035.0, "amount": 3.766, "side": "buy", "timestamp": 1764998946489}, {"id": "2649967570", "price": 3034.99, "amount": 0.358, "side": "sell", "timestamp": 1764998946971}, {"id": "2649967571", "price": 3035.0, "amount": 0.868, "side": "buy", "timestamp": 1764998947009}, {"id": "2649967572", "price": 3035.0, "amount": 0.039, "side": "buy", "timestamp": 1764998947113}, {"id": "2649967573", "price": 3035.0, "amount": 0.363, "side": "buy", "timestamp": 1764998947472}, {"id": "2649967574", "price": 3035.0, "amount": 14.825, "side": "buy", "timestamp": 1764998947678}, {"id": "2649967575", "price": 3035.01, "amount": 0.046, "side": "buy", "timestamp": 1764998947679}, {"id": "2649967576", "price": 3035.06, "amount": 0.06, "side": "buy", "timestamp": 1764998947680}, {"id": "2649967577", "price": 3035.07, "amount": 1.014, "side": "buy", "timestamp": 1764998947680}, {"id": "2649967578", "price": 3035.08, "amount": 0.029, "side": "buy", "timestamp": 1764998947680}, {"id": "2649967579", "price": 3035.09, "amount": 0.337, "side": "buy", "timestamp": 1764998947680}, {"id": "2649967580", "price": 3035.1, "amount": 0.085, "side": "buy", "timestamp": 1764998947680}, {"id": "2649967581", "price": 3035.11, "amount": 1.14, "side": "buy", "timestamp": 1764998947680}, {"id": "2649967582", "price": 3035.12, "amount": 0.527, "side": "buy", "timestamp": 1764998947680}, {"id": "2649967583", "price": 3035.13, "amount": 1.02, "side": "buy", "timestamp": 1764998947680}, {"id": "2649967584", "price": 3035.14, "amount": 0.053, "side": "buy", "timestamp": 1764998947685}, {"id": "2649967585", "price": 3035.16, "amount": 0.015, "side": "buy", "timestamp": 1764998947685}, {"id": "2649967586", "price": 3035.17, "amount": 0.742, "side": "buy", "timestamp": 1764998947688}, {"id": "2649967587", "price": 3035.16, "amount": 0.246, "side": "sell", "timestamp": 1764998947759}, {"id": "2649967588", "price": 3035.17, "amount": 0.055, "side": "buy", "timestamp": 1764998947820}, {"id": "2649967589", "price": 3035.16, "amount": 0.061, "side": "sell", "timestamp": 1764998947860}, {"id": "2649967590", "price": 3035.16, "amount": 0.544, "side": "sell", "timestamp": 1764998948101}, {"id": "2649967591", "price": 3035.17, "amount": 0.362, "side": "buy", "timestamp": 1764998948443}, {"id": "2649967592", "price": 3035.17, "amount": 1.589, "side": "buy", "timestamp": 1764998948557}, {"id": "2649967593", "price": 3035.18, "amount": 0.08, "side": "buy", "timestamp": 1764998948610}, {"id": "2649967594", "price": 3035.21, "amount": 0.193, "side": "buy", "timestamp": 1764998948610}, {"id": "2649967595", "price": 3035.22, "amount": 0.049, "side": "buy", "timestamp": 1764998948613}, {"id": "2649967596", "price": 3035.23, "amount": 0.009, "side": "buy", "timestamp": 1764998948613}, {"id": "2649967597", "price": 3035.25, "amount": 0.015, "side": "buy", "timestamp": 1764998948613}, {"id": "2649967598", "price": 3035.26, "amount": 0.259, "side": "buy", "timestamp": 1764998948621}, {"id": "2649967599", "price": 3035.26, "amount": 0.587, "side": "buy", "timestamp": 1764998949378}, {"id": "2649967600", "price": 3035.27, "amount": 0.223, "side": "buy", "timestamp": 1764998949645}, {"id": "2649967601", "price": 3035.27, "amount": 0.577, "side": "buy", "timestamp": 1764998950017}, {"id": "2649967602", "price": 3035.28, "amount": 0.048, "side": "buy", "timestamp": 1764998950019}, {"id": "2649967603", "price": 3035.29, "amount": 0.258, "side": "buy", "timestamp": 1764998950031}, {"id": "2649967604", "price": 3035.29, "amount": 0.359, "side": "buy", "timestamp": 1764998950379}, {"id": "2649967605", "price": 3035.28, "amount": 0.313, "side": "sell", "timestamp": 1764998951257}, {"id": "2649967606", "price": 3035.29, "amount": 0.838, "side": "buy", "timestamp": 1764998951354}, {"id": "2649967607", "price": 3035.29, "amount": 0.172, "side": "buy", "timestamp": 1764998951686}, {"id": "2649967608", "price": 3035.3, "amount": 0.06, "side": "buy", "timestamp": 1764998951686}, {"id": "2649967609", "price": 3035.31, "amount": 0.014, "side": "buy", "timestamp": 1764998951686}, {"id": "2649967893", "price": 3035.4, "amount": 0.345, "side": "buy", "timestamp": 1764999003017}, {"id": "2649967894", "price": 3035.41, "amount": 1.325, "side": "buy", "timestamp": 1764999003017}, {"id": "2649967895", "price": 3035.42, "amount": 0.014, "side": "buy", "timestamp": 1764999003017}, {"id": "2649967896", "price": 3035.43, "amount": 4.228, "side": "buy", "timestamp": 1764999003017}, {"id": "2649967897", "price": 3035.44, "amount": 0.993, "side": "buy", "timestamp": 1764999003017}, {"id": "2649967898", "price": 3035.45, "amount": 0.563, "side": "buy", "timestamp": 1764999003017}, {"id": "2649967899", "price": 3035.46, "amount": 1.68, "side": "buy", "timestamp": 1764999003017}, {"id": "2649967900", "price": 3035.47, "amount": 4.771, "side": "buy", "timestamp": 1764999003017}, {"id": "2649967901", "price": 3035.48, "amount": 3.747, "side": "buy", "timestamp": 1764999003017}, {"id": "2649967902", "price": 3035.49, "amount": 3.348, "side": "buy", "timestamp": 1764999003017}, {"id": "2649967903", "price": 3035.5, "amount": 3.625, "side": "buy", "timestamp": 1764999003017}, {"id": "2649967904", "price": 3035.51, "amount": 4.933, "side": "buy", "timestamp": 1764999003017}, {"id": "2649967905", "price": 3035.52, "amount": 3.401, "side": "buy", "timestamp": 1764999003017}, {"id": "2649967906", "price": 3035.53, "amount": 3.441, "side": "buy", "timestamp": 1764999003017}, {"id": "2649967907", "price": 3035.54, "amount": 11.448, "side": "buy", "timestamp": 1764999003017}, {"id": "2649967908", "price": 3035.55, "amount": 9.294, "side": "buy", "timestamp": 1764999003017}, {"id": "2649967909", "price": 3035.56, "amount": 2.245, "side": "buy", "timestamp": 1764999003017}, {"id": "2649967910", "price": 3035.57, "amount": 0.015, "side": "buy", "timestamp": 1764999003017}, {"id": "2649967911", "price": 3035.58, "amount": 4.476, "side": "buy", "timestamp": 1764999003017}, {"id": "2649967912", "price": 3035.59, "amount": 0.266, "side": "buy", "timestamp": 1764999003017}, {"id": "2649967913", "price": 3035.6, "amount": 0.024, "side": "buy", "timestamp": 1764999003017}, {"id": "2649967914", "price": 3035.61, "amount": 8.096, "side": "buy", "timestamp": 1764999003017}, {"id": "2649967915", "price": 3035.62, "amount": 6.7, "side": "buy", "timestamp": 1764999003017}, {"id": "2649967916", "price": 3035.63, "amount": 16.151, "side": "buy", "timestamp": 1764999003017}, {"id": "2649967917", "price": 3035.64, "amount": 0.097, "side": "buy", "timestamp": 1764999003017}, {"id": "2649967918", "price": 3035.65, "amount": 0.015, "side": "buy", "timestamp": 1764999003017}, {"id": "2649967919", "price": 3035.66, "amount": 1.355, "side": "buy", "timestamp": 1764999003017}, {"id": "2649967920", "price": 3035.67, "amount": 0.039, "side": "buy", "timestamp": 1764999003017}, {"id": "2649967921", "price": 3035.68, "amount": 4.188, "side": "buy", "timestamp": 1764999003017}, {"id": "2649967922", "price": 3035.69, "amount": 5.493, "side": "buy", "timestamp": 1764999003017}, {"id": "2649967923", "price": 3035.7, "amount": 6.92, "side": "buy", "timestamp": 1764999003018}, {"id": "2649967924", "price": 3035.71, "amount": 9.262, "side": "buy", "timestamp": 1764999003018}, {"id": "2649967925", "price": 3035.72, "amount": 6.095, "side": "buy", "timestamp": 1764999003018}, {"id": "2649967926", "price": 3035.73, "amount": 25.264, "side": "buy", "timestamp": 1764999003018}, {"id": "2649967927", "price": 3035.74, "amount": 2.022, "side": "buy", "timestamp": 1764999003018}, {"id": "2649967928", "price": 3035.75, "amount": 0.2, "side": "buy", "timestamp": 1764999003018}, {"id": "2649967929", "price": 3035.76, "amount": 0.026, "side": "buy", "timestamp": 1764999003018}, {"id": "2649967930", "price": 3035.77, "amount": 0.337, "side": "buy", "timestamp": 1764999003018}, {"id": "2649967931", "price": 3035.78, "amount": 7.484, "side": "buy", "timestamp": 1764999003018}, {"id": "2649967932", "price": 3035.79, "amount": 7.432, "side": "buy", "timestamp": 1764999003018}, {"id": "2649967933", "price": 3035.8, "amount": 8.798, "side": "buy", "timestamp": 1764999003018}, {"id": "2649967934", "price": 3035.81, "amount": 5.959, "side": "buy", "timestamp": 1764999003018}, {"id": "2649967935", "price": 3035.82, "amount": 37.05, "side": "buy", "timestamp": 1764999003018}, {"id": "2649967936", "price": 3035.83, "amount": 58.567, "side": "buy", "timestamp": 1764999003018}, {"id": "2649967937", "price": 3035.83, "amount": 0.2, "side": "buy", "timestamp": 1764999003146}, {"id": "2649967938", "price": 3035.82, "amount": 26.509, "side": "sell", "timestamp": 1764999003170}, {"id": "2649967939", "price": 3035.81, "amount": 0.008, "side": "sell", "timestamp": 1764999003190}, {"id": "2649967940", "price": 3035.79, "amount": 0.007, "side": "sell", "timestamp": 1764999003190}, {"id": "2649967941", "price": 3035.78, "amount": 0.039, "side": "sell", "timestamp": 1764999003190}, {"id": "2649967942", "price": 3035.75, "amount": 0.014, "side": "sell", "timestamp": 1764999003190}, {"id": "2649968122", "price": 3035.44, "amount": 0.071, "side": "sell", "timestamp": 1764999036353}, {"id": "2649968123", "price": 3035.43, "amount": 0.008, "side": "sell", "timestamp": 1764999036357}, {"id": "2649968124", "price": 3035.42, "amount": 0.229, "side": "sell", "timestamp": 1764999036361}, {"id": "2649968125", "price": 3035.42, "amount": 0.131, "side": "sell", "timestamp": 1764999036603}, {"id": "2649968126", "price": 3035.42, "amount": 0.273, "side": "sell", "timestamp": 1764999037719}, {"id": "2649968127", "price": 3035.41, "amount": 0.008, "side": "sell", "timestamp": 1764999037719}, {"id": "2649968128", "price": 3035.4, "amount": 0.267, "side": "sell", "timestamp": 1764999037719}, {"id": "2649968129", "price": 3035.39, "amount": 0.31, "side": "sell", "timestamp": 1764999037719}, {"id": "2649968130", "price": 3035.39, "amount": 0.02, "side": "buy", "timestamp": 1764999038119}, {"id": "2649968131", "price": 3035.39, "amount": 0.029, "side": "buy", "timestamp": 1764999038549}, {"id": "2649968132", "price": 3035.38, "amount": 0.032, "side": "sell", "timestamp": 1764999039208}, {"id": "2649968133", "price": 3035.39, "amount": 0.806, "side": "buy", "timestamp": 1764999039626}, {"id": "2649968134", "price": 3035.38, "amount": 0.032, "side": "sell", "timestamp": 1764999039800}, {"id": "2649968135", "price": 3035.39, "amount": 0.334, "side": "buy", "timestamp": 1764999039817}, {"id": "2649968136", "price": 3035.38, "amount": 0.1, "side": "sell", "timestamp": 1764999039923}, {"id": "2649968137", "price": 3035.38, "amount": 0.687, "side": "sell", "timestamp": 1764999040066}, {"id": "2649968138", "price": 3035.38, "amount": 0.182, "side": "sell", "timestamp": 1764999040675}, {"id": "2649968139", "price": 3035.39, "amount": 0.008, "side": "buy", "timestamp": 1764999040749}, {"id": "2649968140", "price": 3035.39, "amount": 0.008, "side": "buy", "timestamp": 1764999041238}, {"id": "2649968141", "price": 3035.38, "amount": 17.129, "side": "sell", "timestamp": 1764999043296}, {"id": "2649968142", "price": 3035.38, "amount": 0.589, "side": "buy", "timestamp": 1764999043329}, {"id": "2649968143", "price": 3035.37, "amount": 0.001, "side": "sell", "timestamp": 1764999043344}, {"id": "2649968144", "price": 3035.38, "amount": 1.0, "side": "buy", "timestamp": 1764999043603}, {"id": "2649968145", "price": 3035.37, "amount": 0.033, "side": "sell", "timestamp": 1764999043608}, {"id": "2649968146", "price": 3035.38, "amount": 0.01, "side": "buy", "timestamp": 1764999044867}, {"id": "2649968147", "price": 3035.38, "amount": 1.235, "side": "buy", "timestamp": 1764999045263}, {"id": "2649968148", "price": 3035.37, "amount": 0.658, "side": "sell", "timestamp": 1764999046715}, {"id": "2649968149", "price": 3035.38, "amount": 0.199, "side": "buy", "timestamp": 1764999047625}, {"id": "2649968150", "price": 3035.37, "amount": 0.007, "side": "sell", "timestamp": 1764999048211}, {"id": "2649968151", "price": 3035.38, "amount": 0.022, "side": "buy", "timestamp": 1764999048217}, {"id": "2649968152", "price": 3035.38, "amount": 0.171, "side": "buy", "timestamp": 1764999048947}, {"id": "2649968153", "price": 3035.37, "amount": 0.395, "side": "sell", "timestamp": 1764999049686}, {"id": "2649968154", "price": 3035.37, "amount": 0.235, "side": "sell", "timestamp": 1764999049895}, {"id": "2649968155", "price": 3035.37, "amount": 0.549, "side": "sell", "timestamp": 1764999050322}, {"id": "2649968156", "price": 3035.38, "amount": 0.019, "side": "buy", "timestamp": 1764999050877}, {"id": "2649968157", "price": 3035.38, "amount": 12.286, "side": "buy", "timestamp": 1764999052182}, {"id": "2649968158", "price": 3035.38, "amount": 6.438, "side": "buy", "timestamp": 1764999052548}, {"id": "2649968159", "price": 3035.37, "amount": 0.009, "side": "sell", "timestamp": 1764999052572}, {"id": "2649968160", "price": 3035.37, "amount": 0.607, "side": "sell", "timestamp": 1764999052923}, {"id": "2649968161", "price": 3035.38, "amount": 0.023, "side": "buy", "timestamp": 1764999053274}, {"id": "2649968162", "price": 3035.37, "amount": 0.397, "side": "sell", "timestamp": 1764999053640}, {"id": "2649968163", "price": 3035.38, "amount": 0.01, "side": "buy", "timestamp": 1764999053660}, {"id": "2649968164", "price": 3035.37, "amount": 0.881, "side": "sell", "timestamp": 1764999054376}, {"id": "2649968165", "price": 3035.36, "amount": 0.058, "side": "sell", "timestamp": 1764999054405}, {"id": "2649968166", "price": 3035.35, "amount": 0.156, "side": "sell", "timestamp": 1764999054405}, {"id": "2649968167", "price": 3035.34, "amount": 0.086, "side": "sell", "timestamp": 1764999054415}, {"id": "2649968168", "price": 3035.33, "amount": 0.008, "side": "sell", "timestamp": 1764999054416}, {"id": "2649968169", "price": 3035.31, "amount": 0.007, "side": "sell", "timestamp": 1764999054418}, {"id": "2649968170", "price": 3035.3, "amount": 0.096, "side": "sell", "timestamp": 1764999054419}, {"id": "2649968171", "price": 3035.29, "amount": 0.039, "side": "sell", "timestamp": 1764999054419}, {"id": "2649968300", "price": 3035.24, "amount": 0.014, "side": "buy", "timestamp": 1764999087654}, {"id": "2649968301", "price": 3035.25, "amount": 0.178, "side": "buy", "timestamp": 1764999087657}, {"id": "2649968302", "price": 3035.27, "amount": 0.068, "side": "buy", "timestamp": 1764999087657}, {"id": "2649968303", "price": 3035.28, "amount": 0.73, "side": "buy", "timestamp": 1764999087660}, {"id": "2649968304", "price": 3035.3, "amount": 0.028, "side": "buy", "timestamp": 1764999088173}, {"id": "2649968305", "price": 3035.3, "amount": 0.016, "side": "buy", "timestamp": 1764999088336}, {"id": "2649968306", "price": 3035.3, "amount": 0.041, "side": "buy", "timestamp": 1764999088479}, {"id": "2649968307", "price": 3035.3, "amount": 1.0, "side": "buy", "timestamp": 1764999089219}, {"id": "2649968308", "price": 3035.29, "amount": 1.028, "side": "sell", "timestamp": 1764999089738}, {"id": "2649968309", "price": 3035.3, "amount": 0.028, "side": "buy", "timestamp": 1764999090161}, {"id": "2649968310", "price": 3035.3, "amount": 0.011, "side": "buy", "timestamp": 1764999091216}, {"id": "2649968311", "price": 3035.29, "amount": 3.294, "side": "sell", "timestamp": 1764999091312}, {"id": "2649968312", "price": 3035.29, "amount": 0.037, "side": "sell", "timestamp": 1764999091438}, {"id": "2649968313", "price": 3035.3, "amount": 0.008, "side": "buy", "timestamp": 1764999091756}, {"id": "2649968314", "price": 3035.3, "amount": 0.096, "side": "buy", "timestamp": 1764999092157}, {"id": "2649968315", "price": 3035.29, "amount": 0.088, "side": "sell", "timestamp": 1764999093107}, {"id": "2649968316", "price": 3035.3, "amount": 0.138, "side": "buy", "timestamp": 1764999093339}, {"id": "2649968317", "price": 3035.29, "amount": 0.001, "side": "sell", "timestamp": 1764999093538}, {"id": "2649968318", "price": 3035.29, "amount": 2.0, "side": "sell", "timestamp": 1764999093722}, {"id": "2649968319", "price": 3035.3, "amount": 0.136, "side": "buy", "timestamp": 1764999094158}, {"id": "2649968320", "price": 3035.29, "amount": 0.027, "side": "sell", "timestamp": 1764999094317}, {"id": "2649968321", "price": 3035.29, "amount": 0.007, "side": "sell", "timestamp": 1764999095108}, {"id": "2649968322", "price": 3035.29, "amount": 0.008, "side": "sell", "timestamp": 1764999095269}, {"id": "2649968323", "price": 3035.3, "amount": 0.085, "side": "buy", "timestamp": 1764999095631}, {"id": "2649968324", "price": 3035.29, "amount": 0.419, "side": "sell", "timestamp": 1764999095659}, {"id": "2649968325", "price": 3035.29, "amount": 0.001, "side": "sell", "timestamp": 1764999096017}, {"id": "2649968326", "price": 3035.3, "amount": 0.051, "side": "buy", "timestamp": 1764999096156}, {"id": "2649968327", "price": 3035.3, "amount": 0.077, "side": "buy", "timestamp": 1764999096509}, {"id": "2649968328", "price": 3035.29, "amount": 0.002, "side": "sell", "timestamp": 1764999097448}, {"id": "2649968329", "price": 3035.29, "amount": 0.658, "side": "sell", "timestamp": 1764999097556}, {"id": "2649968330", "price": 3035.3, "amount": 0.007, "side": "buy", "timestamp": 1764999097821}, {"id": "2649968331", "price": 3035.3, "amount": 0.007, "side": "buy", "timestamp": 1764999098513}, {"id": "2649968332", "price": 3035.29, "amount": 5.0, "side": "sell", "timestamp": 1764999098620}, {"id": "2649968333", "price": 3035.29, "amount": 0.667, "side": "sell", "timestamp": 1764999099590}, {"id": "2649968334", "price": 3035.29, "amount": 0.025, "side": "sell", "timestamp": 1764999099722}, {"id": "2649968335", "price": 3035.3, "amount": 0.085, "side": "buy", "timestamp": 1764999099959}, {"id": "2649968336", "price": 3035.29, "amount": 0.165, "side": "sell", "timestamp": 1764999100004}, {"id": "2649968337", "price": 3035.3, "amount": 0.01, "side": "buy", "timestamp": 1764999100144}, {"id": "2649968338", "price": 3035.3, "amount": 0.123, "side": "buy", "timestamp": 1764999100703}, {"id": "2649968339", "price": 3035.29, "amount": 0.856, "side": "sell", "timestamp": 1764999100884}, {"id": "2649968340", "price": 3035.3, "amount": 0.1, "side": "buy", "timestamp": 1764999101207}, {"id": "2649968341", "price": 3035.29, "amount": 0.001, "side": "sell", "timestamp": 1764999101340}, {"id": "2649968342", "price": 3035.29, "amount": 1.506, "side": "sell", "timestamp": 1764999101876}, {"id": "2649968343", "price": 3035.29, "amount": 0.527, "side": "sell", "timestamp": 1764999102274}, {"id": "2649968344", "price": 3035.29, "amount": 1.79, "side": "sell", "timestamp": 1764999102800}, {"id": "2649968345", "price": 3035.3, "amount": 0.005, "side": "buy", "timestamp": 1764999104159}, {"id": "2649968346", "price": 3035.29, "amount": 1.039, "side": "sell", "timestamp": 1764999104259}, {"id": "2649968347", "price": 3035.29, "amount": 0.002, "side": "sell", "timestamp": 1764999104630}, {"id": "2649968348", "price": 3035.29, "amount": 0.028, "side": "sell", "timestamp": 1764999104803}, {"id": "2649968349", "price": 3035.3, "amount": 0.051, "side": "buy", "timestamp": 1764999105615}, {"id": "2649968547", "price": 3035.55, "amount": 0.021, "side": "sell", "timestamp": 1764999151516}, {"id": "2649968548", "price": 3035.55, "amount": 25.0, "side": "sell", "timestamp": 1764999151667}, {"id": "2649968549", "price": 3035.56, "amount": 0.028, "side": "buy", "timestamp": 1764999151946}, {"id": "2649968550", "price": 3035.55, "amount": 0.255, "side": "sell", "timestamp": 1764999152426}, {"id": "2649968551", "price": 3035.56, "amount": 4.164, "side": "buy", "timestamp": 1764999152638}, {"id": "2649968552", "price": 3035.56, "amount": 3.765, "side": "buy", "timestamp": 1764999153575}, {"id": "2649968553", "price": 3035.57, "amount": 0.053, "side": "buy", "timestamp": 1764999153575}, {"id": "2649968554", "price": 3035.58, "amount": 0.039, "side": "buy", "timestamp": 1764999153576}, {"id": "2649968555", "price": 3035.61, "amount": 0.008, "side": "buy", "timestamp": 1764999153576}, {"id": "2649968556", "price": 3035.62, "amount": 0.009, "side": "buy", "timestamp": 1764999153576}, {"id": "2649968557", "price": 3035.63, "amount": 0.007, "side": "buy", "timestamp": 1764999153576}, {"id": "2649968558", "price": 3035.64, "amount": 0.509, "side": "buy", "timestamp": 1764999153576}, {"id": "2649968559", "price": 3035.65, "amount": 0.039, "side": "buy", "timestamp": 1764999153576}, {"id": "2649968560", "price": 3035.66, "amount": 0.017, "side": "buy", "timestamp": 1764999153576}, {"id": "2649968561", "price": 3035.67, "amount": 0.022, "side": "buy", "timestamp": 1764999153576}, {"id": "2649968562", "price": 3035.68, "amount": 0.007, "side": "buy", "timestamp": 1764999153576}, {"id": "2649968563", "price": 3035.69, "amount": 0.082, "side": "buy", "timestamp": 1764999153576}, {"id": "2649968564", "price": 3035.7, "amount": 0.043, "side": "buy", "timestamp": 1764999153576}, {"id": "2649968565", "price": 3035.71, "amount": 4.767, "side": "buy", "timestamp": 1764999153576}, {"id": "2649968566", "price": 3035.72, "amount": 0.014, "side": "buy", "timestamp": 1764999153577}, {"id": "2649968567", "price": 3035.73, "amount": 0.096, "side": "buy", "timestamp": 1764999153577}, {"id": "2649968568", "price": 3035.74, "amount": 3.024, "side": "buy", "timestamp": 1764999153577}, {"id": "2649968569", "price": 3035.75, "amount": 0.561, "side": "buy", "timestamp": 1764999153577}, {"id": "2649968570", "price": 3035.76, "amount": 0.158, "side": "buy", "timestamp": 1764999153577}, {"id": "2649968571", "price": 3035.77, "amount": 0.007, "side": "buy", "timestamp": 1764999153579}, {"id": "2649968572", "price": 3035.78, "amount": 1.339, "side": "buy", "timestamp": 1764999153579}, {"id": "2649968573", "price": 3035.79, "amount": 4.071, "side": "buy", "timestamp": 1764999153579}, {"id": "2649968574", "price": 3035.8, "amount": 0.062, "side": "buy", "timestamp": 1764999153586}, {"id": "2649968575", "price": 3035.81, "amount": 0.507, "side": "buy", "timestamp": 1764999153586}, {"id": "2649968576", "price": 3035.8, "amount": 0.01, "side": "sell", "timestamp": 1764999153627}, {"id": "2649968577", "price": 3035.81, "amount": 9.531, "side": "buy", "timestamp": 1764999153636}, {"id": "2649968578", "price": 3035.82, "amount": 0.007, "side": "buy", "timestamp": 1764999153697}, {"id": "2649968579", "price": 3035.83, "amount": 0.007, "side": "buy", "timestamp": 1764999153697}, {"id": "2649968580", "price": 3035.84, "amount": 0.336, "side": "buy", "timestamp": 1764999153697}, {"id": "2649968581", "price": 3035.85, "amount": 0.046, "side": "buy", "timestamp": 1764999153697}, {"id": "2649968582", "price": 3035.86, "amount": 0.319, "side": "buy", "timestamp": 1764999153697}, {"id": "2649968583", "price": 3035.87, "amount": 0.007, "side": "buy", "timestamp": 1764999153697}, {"id": "2649968584", "price": 3035.88, "amount": 0.022, "side": "buy", "timestamp": 1764999153697}, {"id": "2649968585", "price": 3035.89, "amount": 0.591, "side": "buy", "timestamp": 1764999153697}, {"id": "2649968586", "price": 3035.88, "amount": 0.188, "side": "sell", "timestamp": 1764999153714}, {"id": "2649968587", "price": 3035.89, "amount": 4.565, "side": "buy", "timestamp": 1764999154101}, {"id": "2649968588", "price": 3035.9, "amount": 0.014, "side": "buy", "timestamp": 1764999154114}, {"id": "2649968589", "price": 3035.91, "amount": 0.05, "side": "buy", "timestamp": 1764999154114}, {"id": "2649968590", "price": 3035.92, "amount": 0.01, "side": "buy", "timestamp": 1764999154296}, {"id": "2649968591", "price": 3035.91, "amount": 22.479, "side": "sell", "timestamp": 1764999155499}, {"id": "2649968592", "price": 3035.91, "amount": 0.038, "side": "sell", "timestamp": 1764999155672}, {"id": "2649968593", "price": 3035.91, "amount": 0.52, "side": "sell", "timestamp": 1764999156049}, {"id": "2649968594", "price": 3035.91, "amount": 1.35, "side": "sell", "timestamp": 1764999156268}, {"id": "2649968595", "price": 3035.92, "amount": 0.011, "side": "buy", "timestamp": 1764999156424}, {"id": "2649968596", "price": 3035.91, "amount": 0.148, "side": "sell", "timestamp": 1764999156972}, {"id": "2649968985", "price": 3033.28, "amount": 0.007, "side": "sell", "timestamp": 1764999208297}, {"id": "2649968986", "price": 3033.27, "amount": 0.212, "side": "sell", "timestamp": 1764999208297}, {"id": "2649968987", "price": 3033.26, "amount": 0.253, "side": "sell", "timestamp": 1764999208297}, {"id": "2649968988", "price": 3033.25, "amount": 0.816, "side": "sell", "timestamp": 1764999208297}, {"id": "2649968989", "price": 3033.24, "amount": 0.998, "side": "sell", "timestamp": 1764999208297}, {"id": "2649968990", "price": 3033.23, "amount": 8.333, "side": "sell", "timestamp": 1764999208297}, {"id": "2649968991", "price": 3033.3, "amount": 0.318, "side": "sell", "timestamp": 1764999208302}, {"id": "2649968992", "price": 3033.22, "amount": 0.279, "side": "sell", "timestamp": 1764999208302}, {"id": "2649968993", "price": 3033.31, "amount": 0.009, "side": "sell", "timestamp": 1764999208306}, {"id": "2649968994", "price": 3033.22, "amount": 0.221, "side": "sell", "timestamp": 1764999208306}, {"id": "2649968995", "price": 3033.37, "amount": 0.244, "side": "sell", "timestamp": 1764999208307}, {"id": "2649968996", "price": 3033.22, "amount": 0.086, "side": "sell", "timestamp": 1764999208307}, {"id": "2649968997", "price": 3033.36, "amount": 0.007, "side": "sell", "timestamp": 1764999208310}, {"id": "2649968998", "price": 3033.22, "amount": 0.783, "side": "sell", "timestamp": 1764999208310}, {"id": "2649968999", "price": 3033.5, "amount": 0.33, "side": "sell", "timestamp": 1764999208312}, {"id": "2649969000", "price": 3033.22, "amount": 0.66, "side": "sell", "timestamp": 1764999208313}, {"id": "2649969001", "price": 3033.24, "amount": 0.007, "side": "sell", "timestamp": 1764999208319}, {"id": "2649969002", "price": 3033.22, "amount": 0.193, "side": "sell", "timestamp": 1764999208319}, {"id": "2649969003", "price": 3033.42, "amount": 0.33, "side": "sell", "timestamp": 1764999208322}, {"id": "2649969004", "price": 3033.3, "amount": 0.164, "side": "sell", "timestamp": 1764999208323}, {"id": "2649969005", "price": 3033.22, "amount": 0.416, "side": "sell", "timestamp": 1764999208323}, {"id": "2649969006", "price": 3033.32, "amount": 0.007, "side": "sell", "timestamp": 1764999208327}, {"id": "2649969007", "price": 3033.22, "amount": 0.283, "side": "sell", "timestamp": 1764999208327}, {"id": "2649969008", "price": 3033.26, "amount": 0.58, "side": "sell", "timestamp": 1764999208334}, {"id": "2649969009", "price": 3033.34, "amount": 0.33, "side": "sell", "timestamp": 1764999208355}, {"id": "2649969010", "price": 3033.24, "amount": 0.989, "side": "sell", "timestamp": 1764999208355}, {"id": "2649969011", "price": 3033.22, "amount": 2.198, "side": "sell", "timestamp": 1764999208355}, {"id": "2649969012", "price": 3033.23, "amount": 24.645, "side": "buy", "timestamp": 1764999208464}, {"id": "2649969013", "price": 3033.24, "amount": 0.06, "side": "buy", "timestamp": 1764999208506}, {"id": "2649969014", "price": 3033.26, "amount": 0.56, "side": "buy", "timestamp": 1764999208542}, {"id": "2649969015", "price": 3033.25, "amount": 0.693, "side": "sell", "timestamp": 1764999208548}, {"id": "2649969016", "price": 3033.26, "amount": 2.952, "side": "buy", "timestamp": 1764999208556}, {"id": "2649969017", "price": 3033.28, "amount": 2.565, "side": "buy", "timestamp": 1764999208564}, {"id": "2649969018", "price": 3033.3, "amount": 0.014, "side": "buy", "timestamp": 1764999208565}, {"id": "2649969019", "price": 3033.31, "amount": 0.014, "side": "buy", "timestamp": 1764999208565}, {"id": "2649969020", "price": 3033.32, "amount": 0.046, "side": "buy", "timestamp": 1764999208568}, {"id": "2649969021", "price": 3033.33, "amount": 0.007, "side": "buy", "timestamp": 1764999208577}, {"id": "2649969022", "price": 3033.34, "amount": 0.024, "side": "buy", "timestamp": 1764999208577}, {"id": "2649969023", "price": 3033.38, "amount": 0.039, "side": "buy", "timestamp": 1764999208589}, {"id": "2649969024", "price": 3033.4, "amount": 0.014, "side": "buy", "timestamp": 1764999208589}, {"id": "2649969025", "price": 3033.42, "amount": 0.039, "side": "buy", "timestamp": 1764999208597}, {"id": "2649969026", "price": 3033.43, "amount": 0.007, "side": "buy", "timestamp": 1764999208597}, {"id": "2649969027", "price": 3033.45, "amount": 0.007, "side": "buy", "timestamp": 1764999208597}, {"id": "2649969028", "price": 3033.45, "amount": 0.008, "side": "sell", "timestamp": 1764999208599}, {"id": "2649969029", "price": 3033.46, "amount": 0.078, "side": "buy", "timestamp": 1764999208604}, {"id": "2649969030", "price": 3033.5, "amount": 0.007, "side": "buy", "timestamp": 1764999208604}, {"id": "2649969031", "price": 3033.51, "amount": 0.676, "side": "buy", "timestamp": 1764999208619}, {"id": "2649969032", "price": 3033.51, "amount": 0.5, "side": "buy", "timestamp": 1764999208927}, {"id": "2649969033", "price": 3033.51, "amount": 0.019, "side": "buy", "timestamp": 1764999209092}, {"id": "2649969034", "price": 3033.51, "amount": 0.2, "side": "buy", "timestamp": 1764999209322}, {"id": "2649969350", "price": 3033.2, "amount": 0.001, "side": "sell", "timestamp": 1764999252349}, {"id": "2649969351", "price": 3033.21, "amount": 0.009, "side": "buy", "timestamp": 1764999252893}, {"id": "2649969352", "price": 3033.2, "amount": 0.053, "side": "sell", "timestamp": 1764999253134}, {"id": "2649969353", "price": 3033.21, "amount": 9.89, "side": "buy", "timestamp": 1764999253304}, {"id": "2649969354", "price": 3033.2, "amount": 3.965, "side": "sell", "timestamp": 1764999254157}, {"id": "2649969355", "price": 3033.2, "amount": 0.847, "side": "sell", "timestamp": 1764999254700}, {"id": "2649969356", "price": 3033.2, "amount": 0.01, "side": "sell", "timestamp": 1764999254936}, {"id": "2649969357", "price": 3033.21, "amount": 0.01, "side": "buy", "timestamp": 1764999254965}, {"id": "2649969358", "price": 3033.2, "amount": 0.018, "side": "sell", "timestamp": 1764999255078}, {"id": "2649969359", "price": 3033.2, "amount": 0.05, "side": "sell", "timestamp": 1764999255437}, {"id": "2649969360", "price": 3033.21, "amount": 0.009, "side": "buy", "timestamp": 1764999255523}, {"id": "2649969361", "price": 3033.2, "amount": 0.045, "side": "sell", "timestamp": 1764999255580}, {"id": "2649969362", "price": 3033.2, "amount": 3.913, "side": "sell", "timestamp": 1764999256135}, {"id": "2649969363", "price": 3033.19, "amount": 0.049, "side": "sell", "timestamp": 1764999256135}, {"id": "2649969364", "price": 3033.18, "amount": 1.099, "side": "sell", "timestamp": 1764999256135}, {"id": "2649969365", "price": 3033.16, "amount": 0.007, "side": "sell", "timestamp": 1764999256139}, {"id": "2649969366", "price": 3033.15, "amount": 0.094, "side": "sell", "timestamp": 1764999256139}, {"id": "2649969367", "price": 3033.13, "amount": 0.021, "side": "sell", "timestamp": 1764999256141}, {"id": "2649969368", "price": 3033.13, "amount": 1.119, "side": "buy", "timestamp": 1764999256415}, {"id": "2649969369", "price": 3033.12, "amount": 0.04, "side": "sell", "timestamp": 1764999256578}, {"id": "2649969370", "price": 3033.12, "amount": 0.007, "side": "sell", "timestamp": 1764999256721}, {"id": "2649969371", "price": 3033.13, "amount": 0.291, "side": "buy", "timestamp": 1764999257101}, {"id": "2649969372", "price": 3033.12, "amount": 13.334, "side": "sell", "timestamp": 1764999258039}, {"id": "2649969373", "price": 3033.11, "amount": 1.308, "side": "sell", "timestamp": 1764999258055}, {"id": "2649969374", "price": 3033.1, "amount": 0.957, "side": "sell", "timestamp": 1764999258055}, {"id": "2649969375", "price": 3033.09, "amount": 0.008, "side": "sell", "timestamp": 1764999258055}, {"id": "2649969376", "price": 3033.07, "amount": 0.028, "side": "sell", "timestamp": 1764999258055}, {"id": "2649969377", "price": 3033.06, "amount": 0.244, "side": "sell", "timestamp": 1764999258055}, {"id": "2649969378", "price": 3033.05, "amount": 0.014, "side": "sell", "timestamp": 1764999258055}, {"id": "2649969379", "price": 3033.04, "amount": 0.024, "side": "sell", "timestamp": 1764999258055}, {"id": "2649969380", "price": 3033.03, "amount": 1.069, "side": "sell", "timestamp": 1764999258055}, {"id": "2649969381", "price": 3033.02, "amount": 0.356, "side": "sell", "timestamp": 1764999258055}, {"id": "2649969382", "price": 3033.01, "amount": 0.022, "side": "sell", "timestamp": 1764999258055}, {"id": "2649969383", "price": 3033.0, "amount": 3.491, "side": "sell", "timestamp": 1764999258055}, {"id": "2649969384", "price": 3032.99, "amount": 0.008, "side": "sell", "timestamp": 1764999258055}, {"id": "2649969385", "price": 3032.98, "amount": 0.014, "side": "sell", "timestamp": 1764999258055}, {"id": "2649969386", "price": 3032.97, "amount": 0.046, "side": "sell", "timestamp": 1764999258065}, {"id": "2649969387", "price": 3032.96, "amount": 0.128, "side": "sell", "timestamp": 1764999258070}, {"id": "2649969388", "price": 3032.95, "amount": 0.027, "side": "sell", "timestamp": 1764999258296}, {"id": "2649969389", "price": 3032.95, "amount": 0.311, "side": "sell", "timestamp": 1764999258399}, {"id": "2649969390", "price": 3032.95, "amount": 6.912, "side": "sell", "timestamp": 1764999258507}, {"id": "2649969391", "price": 3032.96, "amount": 4.863, "side": "buy", "timestamp": 1764999258554}, {"id": "2649969392", "price": 3032.96, "amount": 0.328, "side": "buy", "timestamp": 1764999259468}, {"id": "2649969393", "price": 3032.95, "amount": 0.664, "side": "sell", "timestamp": 1764999259716}, {"id": "2649969394", "price": 3032.95, "amount": 0.059, "side": "sell", "timestamp": 1764999259941}, {"id": "2649969395", "price": 3032.95, "amount": 7.767, "side": "sell", "timestamp": 1764999260093}, {"id": "2649969396", "price": 3032.94, "amount": 0.375, "side": "sell", "timestamp": 1764999260136}, {"id": "2649969397", "price": 3032.93, "amount": 0.096, "side": "sell", "timestamp": 1764999260136}, {"id": "2649969398", "price": 3032.93, "amount": 0.02, "side": "sell", "timestamp": 1764999260322}, {"id": "2649969399", "price": 3032.93, "amount": 1.041, "side": "sell", "timestamp": 1764999260578}, {"id": "2649969622", "price": 3033.8, "amount": 0.011, "side": "buy", "timestamp": 1764999301345}, {"id": "2649969623", "price": 3033.79, "amount": 0.329, "side": "sell", "timestamp": 1764999301365}, {"id": "2649969624", "price": 3033.8, "amount": 0.022, "side": "buy", "timestamp": 1764999301481}, {"id": "2649969625", "price": 3033.8, "amount": 0.04, "side": "buy", "timestamp": 1764999301926}, {"id": "2649969626", "price": 3033.8, "amount": 0.028, "side": "buy", "timestamp": 1764999302166}, {"id": "2649969627", "price": 3033.79, "amount": 0.164, "side": "sell", "timestamp": 1764999302202}, {"id": "2649969628", "price": 3033.8, "amount": 3.295, "side": "buy", "timestamp": 1764999302565}, {"id": "2649969629", "price": 3033.79, "amount": 14.727, "side": "sell", "timestamp": 1764999302575}, {"id": "2649969630", "price": 3033.78, "amount": 0.015, "side": "sell", "timestamp": 1764999302575}, {"id": "2649969631", "price": 3033.75, "amount": 0.046, "side": "sell", "timestamp": 1764999302580}, {"id": "2649969632", "price": 3033.73, "amount": 0.014, "side": "sell", "timestamp": 1764999302580}, {"id": "2649969633", "price": 3033.72, "amount": 0.014, "side": "sell", "timestamp": 1764999302580}, {"id": "2649969634", "price": 3033.69, "amount": 0.069, "side": "sell", "timestamp": 1764999302580}, {"id": "2649969635", "price": 3033.68, "amount": 0.729, "side": "sell", "timestamp": 1764999302588}, {"id": "2649969636", "price": 3033.67, "amount": 0.007, "side": "sell", "timestamp": 1764999302593}, {"id": "2649969637", "price": 3033.64, "amount": 0.053, "side": "sell", "timestamp": 1764999302593}, {"id": "2649969638", "price": 3033.63, "amount": 0.157, "side": "sell", "timestamp": 1764999302596}, {"id": "2649969639", "price": 3033.61, "amount": 0.007, "side": "sell", "timestamp": 1764999302596}, {"id": "2649969640", "price": 3033.6, "amount": 0.216, "side": "sell", "timestamp": 1764999302599}, {"id": "2649969641", "price": 3033.61, "amount": 0.671, "side": "buy", "timestamp": 1764999302619}, {"id": "2649969642", "price": 3033.61, "amount": 0.014, "side": "buy", "timestamp": 1764999302874}, {"id": "2649969643", "price": 3033.61, "amount": 0.007, "side": "buy", "timestamp": 1764999303040}, {"id": "2649969644", "price": 3033.6, "amount": 0.216, "side": "sell", "timestamp": 1764999303115}, {"id": "2649969645", "price": 3033.59, "amount": 0.015, "side": "sell", "timestamp": 1764999303121}, {"id": "2649969646", "price": 3033.58, "amount": 0.014, "side": "sell", "timestamp": 1764999303121}, {"id": "2649969647", "price": 3033.55, "amount": 0.062, "side": "sell", "timestamp": 1764999303121}, {"id": "2649969648", "price": 3033.54, "amount": 0.502, "side": "sell", "timestamp": 1764999303124}, {"id": "2649969649", "price": 3033.55, "amount": 0.007, "side": "buy", "timestamp": 1764999303202}, {"id": "2649969650", "price": 3033.54, "amount": 0.117, "side": "sell", "timestamp": 1764999303281}, {"id": "2649969651", "price": 3033.55, "amount": 0.005, "side": "buy", "timestamp": 1764999303578}, {"id": "2649969652", "price": 3033.55, "amount": 0.016, "side": "buy", "timestamp": 1764999304144}, {"id": "2649969653", "price": 3033.54, "amount": 1.125, "side": "sell", "timestamp": 1764999305372}, {"id": "2649969654", "price": 3033.54, "amount": 0.001, "side": "sell", "timestamp": 1764999305569}, {"id": "2649969655", "price": 3033.55, "amount": 0.01, "side": "buy", "timestamp": 1764999306578}, {"id": "2649969656", "price": 3033.54, "amount": 0.817, "side": "sell", "timestamp": 1764999307211}, {"id": "2649969657", "price": 3033.55, "amount": 0.4, "side": "buy", "timestamp": 1764999307428}, {"id": "2649969658", "price": 3033.54, "amount": 0.11, "side": "sell", "timestamp": 1764999307685}, {"id": "2649969659", "price": 3033.55, "amount": 1.692, "side": "buy", "timestamp": 1764999307877}, {"id": "2649969660", "price": 3033.55, "amount": 0.009, "side": "buy", "timestamp": 1764999308884}, {"id": "2649969661", "price": 3033.55, "amount": 0.01, "side": "buy", "timestamp": 1764999309036}, {"id": "2649969662", "price": 3033.54, "amount": 0.001, "side": "sell", "timestamp": 1764999309449}, {"id": "2649969663", "price": 3033.54, "amount": 0.015, "side": "sell", "timestamp": 1764999309706}, {"id": "2649969664", "price": 3033.54, "amount": 0.091, "side": "sell", "timestamp": 1764999309831}, {"id": "2649969665", "price": 3033.54, "amount": 0.024, "side": "sell", "timestamp": 1764999309937}, {"id": "2649969666", "price": 3033.55, "amount": 0.004, "side": "buy", "timestamp": 1764999310139}, {"id": "2649969667", "price": 3033.54, "amount": 0.165, "side": "sell", "timestamp": 1764999310372}, {"id": "2649969668", "price": 3033.55, "amount": 1.0, "side": "buy", "timestamp": 1764999310511}, {"id": "2649969669", "price": 3033.54, "amount": 1.0, "side": "sell", "timestamp": 1764999310717}, {"id": "2649969670", "price": 3033.55, "amount": 0.008, "side": "buy", "timestamp": 1764999311130}, {"id": "2649969671", "price": 3033.55, "amount": 0.484, "side": "buy", "timestamp": 1764999311634}, {"id": "2649969855", "price": 3034.66, "amount": 0.012, "side": "sell", "timestamp": 1764999341436}, {"id": "2649969856", "price": 3034.67, "amount": 0.048, "side": "buy", "timestamp": 1764999341693}, {"id": "2649969857", "price": 3034.67, "amount": 0.03, "side": "buy", "timestamp": 1764999341992}, {"id": "2649969858", "price": 3034.66, "amount": 0.008, "side": "sell", "timestamp": 1764999342663}, {"id": "2649969859", "price": 3034.66, "amount": 0.001, "side": "sell", "timestamp": 1764999343461}, {"id": "2649969860", "price": 3034.66, "amount": 0.236, "side": "sell", "timestamp": 1764999343577}, {"id": "2649969861", "price": 3034.67, "amount": 0.004, "side": "buy", "timestamp": 1764999344165}, {"id": "2649969862", "price": 3034.67, "amount": 0.1, "side": "buy", "timestamp": 1764999344731}, {"id": "2649969863", "price": 3034.67, "amount": 0.01, "side": "buy", "timestamp": 1764999344895}, {"id": "2649969864", "price": 3034.67, "amount": 0.087, "side": "buy", "timestamp": 1764999345328}, {"id": "2649969865", "price": 3034.66, "amount": 0.245, "side": "sell", "timestamp": 1764999345950}, {"id": "2649969866", "price": 3034.66, "amount": 0.659, "side": "sell", "timestamp": 1764999346571}, {"id": "2649969867", "price": 3034.66, "amount": 5.483, "side": "sell", "timestamp": 1764999346704}, {"id": "2649969868", "price": 3034.66, "amount": 0.817, "side": "sell", "timestamp": 1764999347210}, {"id": "2649969869", "price": 3034.67, "amount": 0.076, "side": "buy", "timestamp": 1764999347614}, {"id": "2649969870", "price": 3034.67, "amount": 0.009, "side": "buy", "timestamp": 1764999347901}, {"id": "2649969871", "price": 3034.67, "amount": 0.008, "side": "buy", "timestamp": 1764999348093}, {"id": "2649969872", "price": 3034.67, "amount": 0.066, "side": "buy", "timestamp": 1764999348240}, {"id": "2649969873", "price": 3034.66, "amount": 0.009, "side": "sell", "timestamp": 1764999349021}, {"id": "2649969874", "price": 3034.67, "amount": 0.132, "side": "buy", "timestamp": 1764999349593}, {"id": "2649969875", "price": 3034.67, "amount": 0.011, "side": "buy", "timestamp": 1764999349828}, {"id": "2649969876", "price": 3034.66, "amount": 0.015, "side": "sell", "timestamp": 1764999350075}, {"id": "2649969877", "price": 3034.66, "amount": 0.014, "side": "sell", "timestamp": 1764999350486}, {"id": "2649969878", "price": 3034.66, "amount": 3.848, "side": "sell", "timestamp": 1764999351481}, {"id": "2649969879", "price": 3034.66, "amount": 0.149, "side": "sell", "timestamp": 1764999353024}, {"id": "2649969880", "price": 3034.67, "amount": 0.107, "side": "buy", "timestamp": 1764999353403}, {"id": "2649969881", "price": 3034.66, "amount": 0.052, "side": "sell", "timestamp": 1764999353466}, {"id": "2649969882", "price": 3034.67, "amount": 0.01, "side": "buy", "timestamp": 1764999353520}, {"id": "2649969883", "price": 3034.66, "amount": 0.019, "side": "sell", "timestamp": 1764999353920}, {"id": "2649969884", "price": 3034.66, "amount": 5.0, "side": "sell", "timestamp": 1764999354148}, {"id": "2649969885", "price": 3034.66, "amount": 0.029, "side": "sell", "timestamp": 1764999354998}, {"id": "2649969886", "price": 3034.67, "amount": 0.433, "side": "buy", "timestamp": 1764999355591}, {"id": "2649969887", "price": 3034.66, "amount": 0.001, "side": "sell", "timestamp": 1764999355692}, {"id": "2649969888", "price": 3034.67, "amount": 0.188, "side": "buy", "timestamp": 1764999356347}, {"id": "2649969889", "price": 3034.66, "amount": 0.023, "side": "sell", "timestamp": 1764999357126}, {"id": "2649969890", "price": 3034.67, "amount": 0.022, "side": "buy", "timestamp": 1764999357230}, {"id": "2649969891", "price": 3034.66, "amount": 0.17, "side": "sell", "timestamp": 1764999357837}, {"id": "2649969892", "price": 3034.67, "amount": 0.175, "side": "buy", "timestamp": 1764999357936}, {"id": "2649969893", "price": 3034.67, "amount": 16.033, "side": "buy", "timestamp": 1764999358059}, {"id": "2649969894", "price": 3034.66, "amount": 0.001, "side": "sell", "timestamp": 1764999358192}, {"id": "2649969895", "price": 3034.66, "amount": 0.5, "side": "sell", "timestamp": 1764999358774}, {"id": "2649969896", "price": 3034.67, "amount": 0.004, "side": "buy", "timestamp": 1764999359666}, {"id": "2649969897", "price": 3034.66, "amount": 0.856, "side": "sell", "timestamp": 1764999359729}, {"id": "2649969898", "price": 3034.66, "amount": 0.227, "side": "sell", "timestamp": 1764999360339}, {"id": "2649969899", "price": 3034.67, "amount": 0.5, "side": "buy", "timestamp": 1764999360499}, {"id": "2649969900", "price": 3034.66, "amount": 0.019, "side": "sell", "timestamp": 1764999361033}, {"id": "2649969901", "price": 3034.66, "amount": 0.114, "side": "sell", "timestamp": 1764999361200}, {"id": "2649969902", "price": 3034.66, "amount": 0.051, "side": "sell", "timestamp": 1764999361500}, {"id": "2649969903", "price": 3034.66, "amount": 0.086, "side": "sell", "timestamp": 1764999362096}, {"id": "2649969904", "price": 3034.67, "amount": 0.08, "side": "buy", "timestamp": 1764999362292}, {"id": "2649970103", "price": 3034.24, "amount": 0.004, "side": "buy", "timestamp": 1764999395672}, {"id": "2649970104", "price": 3034.24, "amount": 0.013, "side": "buy", "timestamp": 1764999395873}, {"id": "2649970105", "price": 3034.24, "amount": 0.008, "side": "buy", "timestamp": 1764999396178}, {"id": "2649970106", "price": 3034.23, "amount": 0.856, "side": "sell", "timestamp": 1764999396748}, {"id": "2649970107", "price": 3034.23, "amount": 0.014, "side": "sell", "timestamp": 1764999396853}, {"id": "2649970108", "price": 3034.24, "amount": 0.52, "side": "buy", "timestamp": 1764999397383}, {"id": "2649970109", "price": 3034.23, "amount": 0.008, "side": "sell", "timestamp": 1764999397607}, {"id": "2649970110", "price": 3034.24, "amount": 0.01, "side": "buy", "timestamp": 1764999398478}, {"id": "2649970111", "price": 3034.23, "amount": 0.008, "side": "sell", "timestamp": 1764999398939}, {"id": "2649970112", "price": 3034.24, "amount": 0.125, "side": "buy", "timestamp": 1764999399335}, {"id": "2649970113", "price": 3034.24, "amount": 0.633, "side": "buy", "timestamp": 1764999399838}, {"id": "2649970114", "price": 3034.23, "amount": 0.042, "side": "sell", "timestamp": 1764999399850}, {"id": "2649970115", "price": 3034.24, "amount": 0.096, "side": "buy", "timestamp": 1764999400024}, {"id": "2649970116", "price": 3034.23, "amount": 0.001, "side": "sell", "timestamp": 1764999400588}, {"id": "2649970117", "price": 3034.23, "amount": 0.05, "side": "sell", "timestamp": 1764999400934}, {"id": "2649970118", "price": 3034.24, "amount": 0.197, "side": "buy", "timestamp": 1764999400993}, {"id": "2649970119", "price": 3034.23, "amount": 0.125, "side": "sell", "timestamp": 1764999402122}, {"id": "2649970120", "price": 3034.23, "amount": 0.847, "side": "sell", "timestamp": 1764999402641}, {"id": "2649970121", "price": 3034.24, "amount": 0.008, "side": "buy", "timestamp": 1764999402873}, {"id": "2649970122", "price": 3034.23, "amount": 0.026, "side": "sell", "timestamp": 1764999403426}, {"id": "2649970123", "price": 3034.23, "amount": 0.061, "side": "sell", "timestamp": 1764999403766}, {"id": "2649970124", "price": 3034.24, "amount": 0.264, "side": "buy", "timestamp": 1764999404045}, {"id": "2649970125", "price": 3034.23, "amount": 0.012, "side": "sell", "timestamp": 1764999404717}, {"id": "2649970126", "price": 3034.23, "amount": 0.5, "side": "sell", "timestamp": 1764999406048}, {"id": "2649970127", "price": 3034.24, "amount": 1.024, "side": "buy", "timestamp": 1764999406603}, {"id": "2649970128", "price": 3034.24, "amount": 0.65, "side": "buy", "timestamp": 1764999406990}, {"id": "2649970129", "price": 3034.23, "amount": 0.3, "side": "sell", "timestamp": 1764999407119}, {"id": "2649970130", "price": 3034.24, "amount": 0.01, "side": "buy", "timestamp": 1764999407549}, {"id": "2649970131", "price": 3034.24, "amount": 0.009, "side": "buy", "timestamp": 1764999407788}, {"id": "2649970132", "price": 3034.23, "amount": 5.063, "side": "sell", "timestamp": 1764999408069}, {"id": "2649970133", "price": 3034.23, "amount": 0.014, "side": "sell", "timestamp": 1764999408495}, {"id": "2649970134", "price": 3034.24, "amount": 0.349, "side": "buy", "timestamp": 1764999408765}, {"id": "2649970135", "price": 3034.23, "amount": 0.012, "side": "sell", "timestamp": 1764999410017}, {"id": "2649970136", "price": 3034.23, "amount": 0.001, "side": "sell", "timestamp": 1764999411447}, {"id": "2649970137", "price": 3034.24, "amount": 0.025, "side": "buy", "timestamp": 1764999412427}, {"id": "2649970138", "price": 3034.23, "amount": 0.036, "side": "sell", "timestamp": 1764999412714}, {"id": "2649970139", "price": 3034.23, "amount": 5.069, "side": "sell", "timestamp": 1764999412989}, {"id": "2649970140", "price": 3034.24, "amount": 0.008, "side": "buy", "timestamp": 1764999413049}, {"id": "2649970141", "price": 3034.23, "amount": 1.562, "side": "sell", "timestamp": 1764999413091}, {"id": "2649970142", "price": 3034.22, "amount": 0.015, "side": "sell", "timestamp": 1764999413091}, {"id": "2649970143", "price": 3034.2, "amount": 0.05, "side": "sell", "timestamp": 1764999413091}, {"id": "2649970144", "price": 3034.19, "amount": 0.014, "side": "sell", "timestamp": 1764999413091}, {"id": "2649970145", "price": 3034.17, "amount": 0.248, "side": "sell", "timestamp": 1764999413091}, {"id": "2649970146", "price": 3034.16, "amount": 0.301, "side": "sell", "timestamp": 1764999413241}, {"id": "2649970147", "price": 3034.17, "amount": 0.32, "side": "buy", "timestamp": 1764999413850}, {"id": "2649970148", "price": 3034.16, "amount": 0.009, "side": "sell", "timestamp": 1764999414027}, {"id": "2649970149", "price": 3034.17, "amount": 0.473, "side": "buy", "timestamp": 1764999414157}, {"id": "2649970150", "price": 3034.16, "amount": 0.01, "side": "sell", "timestamp": 1764999414607}, {"id": "2649970151", "price": 3034.16, "amount": 0.222, "side": "sell", "timestamp": 1764999415350}, {"id": "2649970152", "price": 3034.16, "amount": 0.988, "side": "sell", "timestamp": 1764999415484}, {"id": "2649970433", "price": 3034.29, "amount": 0.014, "side": "sell", "timestamp": 1764999454285}, {"id": "2649970434", "price": 3034.28, "amount": 0.053, "side": "sell", "timestamp": 1764999454285}, {"id": "2649970435", "price": 3034.27, "amount": 0.144, "side": "sell", "timestamp": 1764999454285}, {"id": "2649970436", "price": 3034.26, "amount": 0.008, "side": "sell", "timestamp": 1764999454285}, {"id": "2649970437", "price": 3034.25, "amount": 0.39, "side": "sell", "timestamp": 1764999454285}, {"id": "2649970438", "price": 3034.24, "amount": 0.275, "side": "sell", "timestamp": 1764999454285}, {"id": "2649970439", "price": 3034.24, "amount": 0.001, "side": "sell", "timestamp": 1764999454393}, {"id": "2649970440", "price": 3034.25, "amount": 0.18, "side": "buy", "timestamp": 1764999454637}, {"id": "2649970441", "price": 3034.25, "amount": 1.203, "side": "buy", "timestamp": 1764999454757}, {"id": "2649970442", "price": 3034.26, "amount": 0.007, "side": "buy", "timestamp": 1764999454759}, {"id": "2649970443", "price": 3034.28, "amount": 0.039, "side": "buy", "timestamp": 1764999454759}, {"id": "2649970444", "price": 3034.3, "amount": 0.007, "side": "buy", "timestamp": 1764999454759}, {"id": "2649970445", "price": 3034.32, "amount": 0.067, "side": "buy", "timestamp": 1764999454764}, {"id": "2649970446", "price": 3034.33, "amount": 0.103, "side": "buy", "timestamp": 1764999454767}, {"id": "2649970447", "price": 3034.34, "amount": 0.039, "side": "buy", "timestamp": 1764999454767}, {"id": "2649970448", "price": 3034.35, "amount": 0.067, "side": "buy", "timestamp": 1764999454767}, {"id": "2649970449", "price": 3034.38, "amount": 0.039, "side": "buy", "timestamp": 1764999454775}, {"id": "2649970450", "price": 3034.4, "amount": 0.659, "side": "sell", "timestamp": 1764999454889}, {"id": "2649970451", "price": 3034.41, "amount": 0.053, "side": "buy", "timestamp": 1764999456159}, {"id": "2649970452", "price": 3034.4, "amount": 0.095, "side": "sell", "timestamp": 1764999456498}, {"id": "2649970453", "price": 3034.41, "amount": 0.27, "side": "buy", "timestamp": 1764999457372}, {"id": "2649970454", "price": 3034.4, "amount": 0.294, "side": "sell", "timestamp": 1764999457602}, {"id": "2649970455", "price": 3034.41, "amount": 0.18, "side": "buy", "timestamp": 1764999457966}, {"id": "2649970456", "price": 3034.4, "amount": 0.001, "side": "sell", "timestamp": 1764999458222}, {"id": "2649970457", "price": 3034.41, "amount": 0.009, "side": "buy", "timestamp": 1764999458389}, {"id": "2649970458", "price": 3034.41, "amount": 1.211, "side": "buy", "timestamp": 1764999458900}, {"id": "2649970459", "price": 3034.42, "amount": 0.091, "side": "buy", "timestamp": 1764999458900}, {"id": "2649970460", "price": 3034.42, "amount": 0.269, "side": "buy", "timestamp": 1764999459017}, {"id": "2649970461", "price": 3034.41, "amount": 0.125, "side": "sell", "timestamp": 1764999459453}, {"id": "2649970462", "price": 3034.42, "amount": 0.18, "side": "buy", "timestamp": 1764999459466}, {"id": "2649970463", "price": 3034.41, "amount": 11.0, "side": "sell", "timestamp": 1764999459532}, {"id": "2649970464", "price": 3034.42, "amount": 0.128, "side": "buy", "timestamp": 1764999459697}, {"id": "2649970465", "price": 3034.43, "amount": 0.007, "side": "buy", "timestamp": 1764999459697}, {"id": "2649970466", "price": 3034.44, "amount": 0.008, "side": "buy", "timestamp": 1764999459697}, {"id": "2649970467", "price": 3034.45, "amount": 0.021, "side": "buy", "timestamp": 1764999459697}, {"id": "2649970468", "price": 3034.47, "amount": 0.05, "side": "buy", "timestamp": 1764999459702}, {"id": "2649970469", "price": 3034.47, "amount": 0.125, "side": "buy", "timestamp": 1764999460423}, {"id": "2649970470", "price": 3034.46, "amount": 0.028, "side": "sell", "timestamp": 1764999461944}, {"id": "2649970471", "price": 3034.47, "amount": 0.075, "side": "buy", "timestamp": 1764999462347}, {"id": "2649970472", "price": 3034.46, "amount": 0.125, "side": "sell", "timestamp": 1764999463146}, {"id": "2649970473", "price": 3034.47, "amount": 0.01, "side": "buy", "timestamp": 1764999463152}, {"id": "2649970474", "price": 3034.47, "amount": 0.005, "side": "buy", "timestamp": 1764999464171}, {"id": "2649970475", "price": 3034.47, "amount": 0.38, "side": "buy", "timestamp": 1764999464533}, {"id": "2649970476", "price": 3034.46, "amount": 0.731, "side": "sell", "timestamp": 1764999465146}, {"id": "2649970477", "price": 3034.46, "amount": 0.009, "side": "sell", "timestamp": 1764999465353}, {"id": "2649970478", "price": 3034.46, "amount": 1.977, "side": "sell", "timestamp": 1764999467060}, {"id": "2649970479", "price": 3034.46, "amount": 0.817, "side": "sell", "timestamp": 1764999467231}, {"id": "2649970480", "price": 3034.46, "amount": 0.272, "side": "sell", "timestamp": 1764999467406}, {"id": "2649970481", "price": 3034.47, "amount": 0.045, "side": "buy", "timestamp": 1764999467664}, {"id": "2649970482", "price": 3034.47, "amount": 0.002, "side": "buy", "timestamp": 1764999468076}, {"id": "2649970680", "price": 3035.92, "amount": 0.762, "side": "buy", "timestamp": 1764999505187}, {"id": "2649970681", "price": 3035.91, "amount": 0.001, "side": "sell", "timestamp": 1764999505447}, {"id": "2649970682", "price": 3035.92, "amount": 0.084, "side": "buy", "timestamp": 1764999505501}, {"id": "2649970683", "price": 3035.91, "amount": 0.007, "side": "sell", "timestamp": 1764999505504}, {"id": "2649970684", "price": 3035.92, "amount": 0.658, "side": "buy", "timestamp": 1764999505760}, {"id": "2649970685", "price": 3035.91, "amount": 0.007, "side": "sell", "timestamp": 1764999505947}, {"id": "2649970686", "price": 3035.92, "amount": 0.1, "side": "buy", "timestamp": 1764999506273}, {"id": "2649970687", "price": 3035.91, "amount": 0.198, "side": "sell", "timestamp": 1764999506401}, {"id": "2649970688", "price": 3035.92, "amount": 0.017, "side": "buy", "timestamp": 1764999506966}, {"id": "2649970689", "price": 3035.92, "amount": 0.125, "side": "buy", "timestamp": 1764999507109}, {"id": "2649970690", "price": 3035.91, "amount": 0.01, "side": "sell", "timestamp": 1764999507110}, {"id": "2649970691", "price": 3035.92, "amount": 0.062, "side": "buy", "timestamp": 1764999507114}, {"id": "2649970692", "price": 3035.91, "amount": 2.464, "side": "sell", "timestamp": 1764999507193}, {"id": "2649970693", "price": 3035.92, "amount": 0.832, "side": "buy", "timestamp": 1764999507243}, {"id": "2649970694", "price": 3035.92, "amount": 0.009, "side": "buy", "timestamp": 1764999507348}, {"id": "2649970695", "price": 3035.92, "amount": 15.254, "side": "buy", "timestamp": 1764999507526}, {"id": "2649970696", "price": 3035.91, "amount": 0.856, "side": "sell", "timestamp": 1764999507753}, {"id": "2649970697", "price": 3035.92, "amount": 56.513, "side": "buy", "timestamp": 1764999509027}, {"id": "2649970698", "price": 3035.93, "amount": 0.042, "side": "buy", "timestamp": 1764999509032}, {"id": "2649970699", "price": 3035.94, "amount": 0.181, "side": "buy", "timestamp": 1764999509035}, {"id": "2649970700", "price": 3035.94, "amount": 0.164, "side": "sell", "timestamp": 1764999509145}, {"id": "2649970701", "price": 3035.95, "amount": 0.01, "side": "buy", "timestamp": 1764999509332}, {"id": "2649970702", "price": 3035.94, "amount": 0.125, "side": "sell", "timestamp": 1764999509522}, {"id": "2649970703", "price": 3035.94, "amount": 2.016, "side": "sell", "timestamp": 1764999510856}, {"id": "2649970704", "price": 3035.95, "amount": 0.01, "side": "buy", "timestamp": 1764999511135}, {"id": "2649970705", "price": 3035.94, "amount": 0.405, "side": "sell", "timestamp": 1764999512335}, {"id": "2649970706", "price": 3035.95, "amount": 0.025, "side": "buy", "timestamp": 1764999512390}, {"id": "2649970707", "price": 3035.94, "amount": 0.001, "side": "sell", "timestamp": 1764999513315}, {"id": "2649970708", "price": 3035.95, "amount": 0.03, "side": "buy", "timestamp": 1764999513532}, {"id": "2649970709", "price": 3035.94, "amount": 0.847, "side": "sell", "timestamp": 1764999513749}, {"id": "2649970710", "price": 3035.95, "amount": 0.013, "side": "buy", "timestamp": 1764999513969}, {"id": "2649970711", "price": 3035.95, "amount": 0.009, "side": "buy", "timestamp": 1764999514671}, {"id": "2649970712", "price": 3035.95, "amount": 0.3, "side": "buy", "timestamp": 1764999514781}, {"id": "2649970713", "price": 3035.95, "amount": 0.009, "side": "buy", "timestamp": 1764999515148}, {"id": "2649970714", "price": 3035.95, "amount": 0.073, "side": "buy", "timestamp": 1764999515384}, {"id": "2649970715", "price": 3035.94, "amount": 0.268, "side": "sell", "timestamp": 1764999515792}, {"id": "2649970716", "price": 3035.94, "amount": 0.109, "side": "sell", "timestamp": 1764999516594}, {"id": "2649970717", "price": 3035.95, "amount": 0.736, "side": "buy", "timestamp": 1764999516693}, {"id": "2649970718", "price": 3035.96, "amount": 0.039, "side": "buy", "timestamp": 1764999516693}, {"id": "2649970719", "price": 3035.97, "amount": 1.059, "side": "buy", "timestamp": 1764999516694}, {"id": "2649970720", "price": 3035.99, "amount": 0.064, "side": "buy", "timestamp": 1764999516694}, {"id": "2649970721", "price": 3036.0, "amount": 2.639, "side": "buy", "timestamp": 1764999516694}, {"id": "2649970722", "price": 3035.99, "amount": 5.327, "side": "sell", "timestamp": 1764999516697}, {"id": "2649970723", "price": 3036.0, "amount": 0.4, "side": "buy", "timestamp": 1764999517106}, {"id": "2649970724", "price": 3036.0, "amount": 0.082, "side": "buy", "timestamp": 1764999518029}, {"id": "2649970725", "price": 3035.99, "amount": 0.009, "side": "sell", "timestamp": 1764999518241}, {"id": "2649970726", "price": 3036.0, "amount": 1.105, "side": "buy", "timestamp": 1764999518453}