[{"id": "544955048", "price": 0.4143, "amount": 1.0, "side": "sell", "timestamp": 1764998482274}, {"id": "544955049", "price": 0.4143, "amount": 49.0, "side": "sell", "timestamp": 1764998484385}, {"id": "544955050", "price": 0.4143, "amount": 13.0, "side": "sell", "timestamp": 1764998484655}, {"id": "544955051", "price": 0.4143, "amount": 4.0, "side": "sell", "timestamp": 1764998486869}, {"id": "544955052", "price": 0.4143, "amount": 1.0, "side": "sell", "timestamp": 1764998487879}, {"id": "544955053", "price": 0.4143, "amount": 1093.0, "side": "sell", "timestamp": 1764998491138}, {"id": "544955054", "price": 0.4143, "amount": 2.0, "side": "sell", "timestamp": 1764998492481}, {"id": "544955055", "price": 0.4143, "amount": 85.0, "side": "sell", "timestamp": 1764998493987}, {"id": "544955056", "price": 0.4143, "amount": 29.0, "side": "sell", "timestamp": 1764998495672}, {"id": "544955057", "price": 0.4144, "amount": 80.0, "side": "buy", "timestamp": 1764998495727}, {"id": "544955058", "price": 0.4143, "amount": 1.0, "side": "sell", "timestamp": 1764998497763}, {"id": "544955059", "price": 0.4143, "amount": 6.0, "side": "sell", "timestamp": 1764998502032}, {"id": "544955060", "price": 0.4143, "amount": 3.0, "side": "sell", "timestamp": 1764998506998}, {"id": "544955061", "price": 0.4143, "amount": 14.0, "side": "sell", "timestamp": 1764998507385}, {"id": "544955062", "price": 0.4143, "amount": 3.0, "side": "sell", "timestamp": 1764998509130}, {"id": "544955063", "price": 0.4143, "amount": 9.0, "side": "sell", "timestamp": 1764998509352}, {"id": "544955064", "price": 0.4144, "amount": 1671.0, "side": "buy", "timestamp": 1764998509568}, {"id": "544955065", "price": 0.4143, "amount": 8.0, "side": "sell", "timestamp": 1764998510190}, {"id": "544955066", "price": 0.4143, "amount": 22.0, "side": "sell", "timestamp": 1764998512930}, {"id": "544955067", "price": 0.4143, "amount": 2.0, "side": "sell", "timestamp": 1764998514583}, {"id": "544955068", "price": 0.4143, "amount": 3.0, "side": "sell", "timestamp": 1764998516448}, {"id": "544955069", "price": 0.4143, "amount": 14.0, "side": "sell", "timestamp": 1764998517356}, {"id": "544955070", "price": 0.4144, "amount": 2879.0, "side": "buy", "timestamp": 1764998518389}, {"id": "544955071", "price": 0.4144, "amount": 812.0, "side": "buy", "timestamp": 1764998518687}, {"id": "544955072", "price": 0.4143, "amount": 85.0, "side": "sell", "timestamp": 1764998521779}, {"id": "544955073", "price": 0.4144, "amount": 3280.0, "side": "buy", "timestamp": 1764998522703}, {"id": "544955074", "price": 0.4144, "amount": 8.0, "side": "sell", "timestamp": 1764998523238}, {"id": "544955075", "price": 0.4144, "amount": 264.0, "side": "sell", "timestamp": 1764998523869}, {"id": "544955076", "price": 0.4145, "amount": 52.0, "side": "buy", "timestamp": 1764998524462}, {"id": "544955077", "price": 0.4145, "amount": 48.0, "side": "buy", "timestamp": 1764998525034}, {"id": "544955078", "price": 0.4145, "amount": 13.0, "side": "buy", "timestamp": 1764998525482}, {"id": "544955079", "price": 0.4145, "amount": 14.0, "side": "buy", "timestamp": 1764998525600}, {"id": "544955080", "price": 0.4145, "amount": 108.0, "side": "buy", "timestamp": 1764998525709}, {"id": "544955081", "price": 0.4144, "amount": 4.0, "side": "sell", "timestamp": 1764998526011}, {"id": "544955082", "price": 0.4145, "amount": 1224.0, "side": "buy", "timestamp": 1764998526990}, {"id": "544955083", "price": 0.4144, "amount": 142.0, "side": "sell", "timestamp": 1764998527206}, {"id": "544955084", "price": 0.4144, "amount": 6.0, "side": "sell", "timestamp": 1764998529005}, {"id": "544955085", "price": 0.4145, "amount": 11942.0, "side": "buy", "timestamp": 1764998530413}, {"id": "544955086", "price": 0.4144, "amount": 1.0, "side": "sell", "timestamp": 1764998531545}, {"id": "544955087", "price": 0.4144, "amount": 29.0, "side": "sell", "timestamp": 1764998531663}, {"id": "544955088", "price": 0.4145, "amount": 30.0, "side": "buy", "timestamp": 1764998532543}, {"id": "544955089", "price": 0.4144, "amount": 1.0, "side": "sell", "timestamp": 1764998532707}, {"id": "544955090", "price": 0.4144, "amount": 7.0, "side": "sell", "timestamp": 1764998533002}, {"id": "544955091", "price": 0.4145, "amount": 128.0, "side": "buy", "timestamp": 1764998533387}, {"id": "544955092", "price": 0.4144, "amount": 8.0, "side": "sell", "timestamp": 1764998535706}, {"id": "544955093", "price": 0.4144, "amount": 1917.0, "side": "sell", "timestamp": 1764998541598}, {"id": "544955094", "price": 0.4143, "amount": 14.0, "side": "sell", "timestamp": 1764998542935}, {"id": "544955095", "price": 0.4143, "amount": 8.0, "side": "sell", "timestamp": 1764998543255}, {"id": "544955096", "price": 0.4144, "amount": 12.0, "side": "buy", "timestamp": 1764998545220}, {"id": "544955097", "price": 0.4143, "amount": 12.0, "side": "sell", "timestamp": 1764998545312}, {"id": "544955085", "price": 0.4145, "amount": 11942.0, "side": "buy", "timestamp": 1764998530413}, {"id": "544955086", "price": 0.4144, "amount": 1.0, "side": "sell", "timestamp": 1764998531545}, {"id": "544955087", "price": 0.4144, "amount": 29.0, "side": "sell", "timestamp": 1764998531663}, {"id": "544955088", "price": 0.4145, "amount": 30.0, "side": "buy", "timestamp": 1764998532543}, {"id": "544955089", "price": 0.4144, "amount": 1.0, "side": "sell", "timestamp": 1764998532707}, {"id": "544955090", "price": 0.4144, "amount": 7.0, "side": "sell", "timestamp": 1764998533002}, {"id": "544955091", "price": 0.4145, "amount": 128.0, "side": "buy", "timestamp": 1764998533387}, {"id": "544955092", "price": 0.4144, "amount": 8.0, "side": "sell", "timestamp": 1764998535706}, {"id": "544955093", "price": 0.4144, "amount": 1917.0, "side": "sell", "timestamp": 1764998541598}, {"id": "544955094", "price": 0.4143, "amount": 14.0, "side": "sell", "timestamp": 1764998542935}, {"id": "544955095", "price": 0.4143, "amount": 8.0, "side": "sell", "timestamp": 1764998543255}, {"id": "544955096", "price": 0.4144, "amount": 12.0, "side": "buy", "timestamp": 1764998545220}, {"id": "544955097", "price": 0.4143, "amount": 12.0, "side": "sell", "timestamp": 1764998545312}, {"id": "544955098", "price": 0.4143, "amount": 2578.0, "side": "sell", "timestamp": 1764998548512}, {"id": "544955099", "price": 0.4143, "amount": 214.0, "side": "sell", "timestamp": 1764998551162}, {"id": "544955100", "price": 0.4143, "amount": 6.0, "side": "sell", "timestamp": 1764998554603}, {"id": "544955101", "price": 0.4143, "amount": 4.0, "side": "sell", "timestamp": 1764998562253}, {"id": "544955102", "price": 0.4143, "amount": 12069.0, "side": "sell", "timestamp": 1764998565159}, {"id": "544955103", "price": 0.4143, "amount": 8334.0, "side": "sell", "timestamp": 1764998566109}, {"id": "544955104", "price": 0.4142, "amount": 29.0, "side": "sell", "timestamp": 1764998567665}, {"id": "544955105", "price": 0.4142, "amount": 8.0, "side": "sell", "timestamp": 1764998567992}, {"id": "544955106", "price": 0.4142, "amount": 14.0, "side": "sell", "timestamp": 1764998568460}, {"id": "544955107", "price": 0.4142, "amount": 4.0, "side": "sell", "timestamp": 1764998568679}, {"id": "544955108", "price": 0.4142, "amount": 14.0, "side": "sell", "timestamp": 1764998568805}, {"id": "544955109", "price": 0.4142, "amount": 9.0, "side": "sell", "timestamp": 1764998569914}, {"id": "544955110", "price": 0.4143, "amount": 50.0, "side": "buy", "timestamp": 1764998570313}, {"id": "544955111", "price": 0.4142, "amount": 11294.0, "side": "sell", "timestamp": 1764998571250}, {"id": "544955112", "price": 0.4141, "amount": 56.0, "side": "sell", "timestamp": 1764998572526}, {"id": "544955113", "price": 0.4142, "amount": 181.0, "side": "buy", "timestamp": 1764998573339}, {"id": "544955114", "price": 0.4141, "amount": 8.0, "side": "sell", "timestamp": 1764998575080}, {"id": "544955115", "price": 0.4141, "amount": 19679.0, "side": "sell", "timestamp": 1764998575737}, {"id": "544955116", "price": 0.4141, "amount": 27.0, "side": "sell", "timestamp": 1764998581163}, {"id": "544955117", "price": 0.4141, "amount": 5.0, "side": "sell", "timestamp": 1764998582191}, {"id": "544955118", "price": 0.4141, "amount": 7.0, "side": "sell", "timestamp": 1764998583882}, {"id": "544955119", "price": 0.4141, "amount": 6.0, "side": "sell", "timestamp": 1764998584254}, {"id": "544955120", "price": 0.4142, "amount": 13.0, "side": "buy", "timestamp": 1764998584352}, {"id": "544955121", "price": 0.4142, "amount": 19.0, "side": "buy", "timestamp": 1764998585039}, {"id": "544955122", "price": 0.4142, "amount": 13.0, "side": "buy", "timestamp": 1764998585474}, {"id": "544955123", "price": 0.4142, "amount": 802.0, "side": "buy", "timestamp": 1764998586030}, {"id": "544955124", "price": 0.4142, "amount": 8.0, "side": "sell", "timestamp": 1764998586525}, {"id": "544955125", "price": 0.4142, "amount": 7.0, "side": "sell", "timestamp": 1764998589554}, {"id": "544955126", "price": 0.4142, "amount": 4.0, "side": "sell", "timestamp": 1764998590618}, {"id": "544955127", "price": 0.4142, "amount": 5.0, "side": "sell", "timestamp": 1764998590813}, {"id": "544955128", "price": 0.4143, "amount": 10557.0, "side": "buy", "timestamp": 1764998593504}, {"id": "544955129", "price": 0.4144, "amount": 8386.0, "side": "buy", "timestamp": 1764998593527}, {"id": "544955130", "price": 0.4144, "amount": 1022.0, "side": "buy", "timestamp": 1764998593660}, {"id": "544955131", "price": 0.4144, "amount": 1744.0, "side": "buy", "timestamp": 1764998594510}, {"id": "544955132", "price": 0.4143, "amount": 245.0, "side": "sell", "timestamp": 1764998595179}, {"id": "544955133", "price": 0.4143, "amount": 484.0, "side": "sell", "timestamp": 1764998596477}, {"id": "544955134", "price": 0.4143, "amount": 1.0, "side": "sell", "timestamp": 1764998597169}, {"id": "544955125", "price": 0.4142, "amount": 7.0, "side": "sell", "timestamp": 1764998589554}, {"id": "544955126", "price": 0.4142, "amount": 4.0, "side": "sell", "timestamp": 1764998590618}, {"id": "544955127", "price": 0.4142, "amount": 5.0, "side": "sell", "timestamp": 1764998590813}, {"id": "544955128", "price": 0.4143, "amount": 10557.0, "side": "buy", "timestamp": 1764998593504}, {"id": "544955129", "price": 0.4144, "amount": 8386.0, "side": "buy", "timestamp": 1764998593527}, {"id": "544955130", "price": 0.4144, "amount": 1022.0, "side": "buy", "timestamp": 1764998593660}, {"id": "544955131", "price": 0.4144, "amount": 1744.0, "side": "buy", "timestamp": 1764998594510}, {"id": "544955132", "price": 0.4143, "amount": 245.0, "side": "sell", "timestamp": 1764998595179}, {"id": "544955133", "price": 0.4143, "amount": 484.0, "side": "sell", "timestamp": 1764998596477}, {"id": "544955134", "price": 0.4143, "amount": 1.0, "side": "sell", "timestamp": 1764998597169}, {"id": "544955135", "price": 0.4143, "amount": 2.0, "side": "sell", "timestamp": 1764998602842}, {"id": "544955136", "price": 0.4144, "amount": 4729.0, "side": "buy", "timestamp": 1764998602879}, {"id": "544955137", "price": 0.4143, "amount": 29.0, "side": "sell", "timestamp": 1764998603667}, {"id": "544955138", "price": 0.4143, "amount": 6.0, "side": "sell", "timestamp": 1764998606255}, {"id": "544955139", "price": 0.4143, "amount": 6.0, "side": "sell", "timestamp": 1764998607783}, {"id": "544955140", "price": 0.4143, "amount": 7.0, "side": "sell", "timestamp": 1764998608447}, {"id": "544955141", "price": 0.4143, "amount": 7.0, "side": "sell", "timestamp": 1764998609405}, {"id": "544955142", "price": 0.4143, "amount": 2185.0, "side": "sell", "timestamp": 1764998610810}, {"id": "544955143", "price": 0.4143, "amount": 8.0, "side": "sell", "timestamp": 1764998612072}, {"id": "544955144", "price": 0.4143, "amount": 6500.0, "side": "sell", "timestamp": 1764998612808}, {"id": "544955145", "price": 0.4143, "amount": 2.0, "side": "sell", "timestamp": 1764998613871}, {"id": "544955146", "price": 0.4143, "amount": 8.0, "side": "sell", "timestamp": 1764998614344}, {"id": "544955147", "price": 0.4143, "amount": 22.0, "side": "sell", "timestamp": 1764998615174}, {"id": "544955148", "price": 0.4143, "amount": 16.0, "side": "sell", "timestamp": 1764998619316}, {"id": "544955149", "price": 0.4143, "amount": 5075.0, "side": "sell", "timestamp": 1764998622046}, {"id": "544955150", "price": 0.4142, "amount": 4738.0, "side": "sell", "timestamp": 1764998622668}, {"id": "544955151", "price": 0.4143, "amount": 4543.0, "side": "buy", "timestamp": 1764998623096}, {"id": "544955152", "price": 0.4143, "amount": 6.0, "side": "sell", "timestamp": 1764998628522}, {"id": "544955153", "price": 0.4143, "amount": 3.0, "side": "sell", "timestamp": 1764998630062}, {"id": "544955154", "price": 0.4144, "amount": 120.0, "side": "buy", "timestamp": 1764998630323}, {"id": "544955155", "price": 0.4143, "amount": 5.0, "side": "sell", "timestamp": 1764998630475}, {"id": "544955156", "price": 0.4143, "amount": 7217.0, "side": "sell", "timestamp": 1764998634099}, {"id": "544955157", "price": 0.4143, "amount": 7.0, "side": "sell", "timestamp": 1764998634919}, {"id": "544955158", "price": 0.4143, "amount": 3.0, "side": "sell", "timestamp": 1764998635731}, {"id": "544955159", "price": 0.4144, "amount": 109.0, "side": "buy", "timestamp": 1764998635768}, {"id": "544955160", "price": 0.4143, "amount": 123.0, "side": "sell", "timestamp": 1764998636183}, {"id": "544955161", "price": 0.4142, "amount": 5.0, "side": "sell", "timestamp": 1764998637045}, {"id": "544955162", "price": 0.4142, "amount": 8.0, "side": "sell", "timestamp": 1764998637580}, {"id": "544955163", "price": 0.4142, "amount": 14.0, "side": "sell", "timestamp": 1764998637767}, {"id": "544955164", "price": 0.4142, "amount": 29.0, "side": "sell", "timestamp": 1764998639665}, {"id": "544955165", "price": 0.4142, "amount": 4357.0, "side": "sell", "timestamp": 1764998640435}, {"id": "544955166", "price": 0.4143, "amount": 34.0, "side": "buy", "timestamp": 1764998644607}, {"id": "544955167", "price": 0.4142, "amount": 14.0, "side": "sell", "timestamp": 1764998644840}, {"id": "544955168", "price": 0.4143, "amount": 13.0, "side": "buy", "timestamp": 1764998644955}, {"id": "544955169", "price": 0.4143, "amount": 16.0, "side": "buy", "timestamp": 1764998645057}, {"id": "544955170", "price": 0.4143, "amount": 1233.0, "side": "buy", "timestamp": 1764998645564}, {"id": "544955171", "price": 0.4143, "amount": 15.0, "side": "buy", "timestamp": 1764998645852}, {"id": "544955172", "price": 0.4142, "amount": 4.0, "side": "sell", "timestamp": 1764998646613}, {"id": "544955173", "price": 0.4143, "amount": 1196.0, "side": "buy", "timestamp": 1764998646681}, {"id": "544955174", "price": 0.4143, "amount": 7.0, "side": "sell", "timestamp": 1764998650119}, {"id": "544955155", "price": 0.4143, "amount": 5.0, "side": "sell", "timestamp": 1764998630475}, {"id": "544955156", "price": 0.4143, "amount": 7217.0, "side": "sell", "timestamp": 1764998634099}, {"id": "544955157", "price": 0.4143, "amount": 7.0, "side": "sell", "timestamp": 1764998634919}, {"id": "544955158", "price": 0.4143, "amount": 3.0, "side": "sell", "timestamp": 1764998635731}, {"id": "544955159", "price": 0.4144, "amount": 109.0, "side": "buy", "timestamp": 1764998635768}, {"id": "544955160", "price": 0.4143, "amount": 123.0, "side": "sell", "timestamp": 1764998636183}, {"id": "544955161", "price": 0.4142, "amount": 5.0, "side": "sell", "timestamp": 1764998637045}, {"id": "544955162", "price": 0.4142, "amount": 8.0, "side": "sell", "timestamp": 1764998637580}, {"id": "544955163", "price": 0.4142, "amount": 14.0, "side": "sell", "timestamp": 1764998637767}, {"id": "544955164", "price": 0.4142, "amount": 29.0, "side": "sell", "timestamp": 1764998639665}, {"id": "544955165", "price": 0.4142, "amount": 4357.0, "side": "sell", "timestamp": 1764998640435}, {"id": "544955166", "price": 0.4143, "amount": 34.0, "side": "buy", "timestamp": 1764998644607}, {"id": "544955167", "price": 0.4142, "amount": 14.0, "side": "sell", "timestamp": 1764998644840}, {"id": "544955168", "price": 0.4143, "amount": 13.0, "side": "buy", "timestamp": 1764998644955}, {"id": "544955169", "price": 0.4143, "amount": 16.0, "side": "buy", "timestamp": 1764998645057}, {"id": "544955170", "price": 0.4143, "amount": 1233.0, "side": "buy", "timestamp": 1764998645564}, {"id": "544955171", "price": 0.4143, "amount": 15.0, "side": "buy", "timestamp": 1764998645852}, {"id": "544955172", "price": 0.4142, "amount": 4.0, "side": "sell", "timestamp": 1764998646613}, {"id": "544955173", "price": 0.4143, "amount": 1196.0, "side": "buy", "timestamp": 1764998646681}, {"id": "544955174", "price": 0.4143, "amount": 7.0, "side": "sell", "timestamp": 1764998650119}, {"id": "544955175", "price": 0.4144, "amount": 6010.0, "side": "buy", "timestamp": 1764998651269}, {"id": "544955176", "price": 0.4144, "amount": 1.0, "side": "sell", "timestamp": 1764998652051}, {"id": "544955177", "price": 0.4145, "amount": 14774.0, "side": "buy", "timestamp": 1764998652498}, {"id": "544955178", "price": 0.4146, "amount": 20.0, "side": "buy", "timestamp": 1764998652743}, {"id": "544955179", "price": 0.4145, "amount": 4.0, "side": "sell", "timestamp": 1764998653193}, {"id": "544955180", "price": 0.4145, "amount": 2710.0, "side": "sell", "timestamp": 1764998657416}, {"id": "544955181", "price": 0.4145, "amount": 7.0, "side": "sell", "timestamp": 1764998659899}, {"id": "544955182", "price": 0.4145, "amount": 6.0, "side": "sell", "timestamp": 1764998660381}, {"id": "544955183", "price": 0.4145, "amount": 4882.0, "side": "sell", "timestamp": 1764998662976}, {"id": "544955184", "price": 0.4145, "amount": 6.0, "side": "sell", "timestamp": 1764998663850}, {"id": "544955185", "price": 0.4145, "amount": 212.0, "side": "sell", "timestamp": 1764998670095}, {"id": "544955186", "price": 0.4145, "amount": 14.0, "side": "sell", "timestamp": 1764998670365}, {"id": "544955187", "price": 0.4145, "amount": 6500.0, "side": "sell", "timestamp": 1764998672927}, {"id": "544955188", "price": 0.4145, "amount": 29.0, "side": "sell", "timestamp": 1764998675668}, {"id": "544955189", "price": 0.4145, "amount": 7330.0, "side": "sell", "timestamp": 1764998681309}, {"id": "544955190", "price": 0.4145, "amount": 4737.0, "side": "sell", "timestamp": 1764998682616}, {"id": "544955191", "price": 0.4145, "amount": 5.0, "side": "sell", "timestamp": 1764998683913}, {"id": "544955192", "price": 0.4145, "amount": 7.0, "side": "sell", "timestamp": 1764998685768}, {"id": "544955193", "price": 0.4145, "amount": 7.0, "side": "sell", "timestamp": 1764998687150}, {"id": "544955194", "price": 0.4146, "amount": 265.0, "side": "buy", "timestamp": 1764998687847}, {"id": "544955195", "price": 0.4145, "amount": 8.0, "side": "sell", "timestamp": 1764998688523}, {"id": "544955196", "price": 0.4145, "amount": 7.0, "side": "sell", "timestamp": 1764998689120}, {"id": "544955197", "price": 0.4145, "amount": 2.0, "side": "sell", "timestamp": 1764998689274}, {"id": "544955198", "price": 0.4145, "amount": 9.0, "side": "sell", "timestamp": 1764998691013}, {"id": "544955199", "price": 0.4145, "amount": 7216.0, "side": "sell", "timestamp": 1764998693980}, {"id": "544955200", "price": 0.4146, "amount": 6728.0, "side": "buy", "timestamp": 1764998695284}, {"id": "544955201", "price": 0.4145, "amount": 1.0, "side": "sell", "timestamp": 1764998696276}, {"id": "544955202", "price": 0.4145, "amount": 4.0, "side": "sell", "timestamp": 1764998696639}, {"id": "544955203", "price": 0.4145, "amount": 21.0, "side": "sell", "timestamp": 1764998697730}, {"id": "544955204", "price": 0.4145, "amount": 55.0, "side": "sell", "timestamp": 1764998701310}, {"id": "544955201", "price": 0.4145, "amount": 1.0, "side": "sell", "timestamp": 1764998696276}, {"id": "544955202", "price": 0.4145, "amount": 4.0, "side": "sell", "timestamp": 1764998696639}, {"id": "544955203", "price": 0.4145, "amount": 21.0, "side": "sell", "timestamp": 1764998697730}, {"id": "544955204", "price": 0.4145, "amount": 55.0, "side": "sell", "timestamp": 1764998701310}, {"id": "544955205", "price": 0.4145, "amount": 6.0, "side": "sell", "timestamp": 1764998703657}, {"id": "544955206", "price": 0.4145, "amount": 77.0, "side": "sell", "timestamp": 1764998703874}, {"id": "544955207", "price": 0.4145, "amount": 5971.0, "side": "sell", "timestamp": 1764998703985}, {"id": "544955208", "price": 0.4146, "amount": 993.0, "side": "buy", "timestamp": 1764998704530}, {"id": "544955209", "price": 0.4146, "amount": 13.0, "side": "buy", "timestamp": 1764998705350}, {"id": "544955210", "price": 0.4145, "amount": 15.0, "side": "sell", "timestamp": 1764998705428}, {"id": "544955211", "price": 0.4145, "amount": 7.0, "side": "sell", "timestamp": 1764998705583}, {"id": "544955212", "price": 0.4145, "amount": 1500.0, "side": "sell", "timestamp": 1764998707236}, {"id": "544955213", "price": 0.4145, "amount": 17.0, "side": "sell", "timestamp": 1764998708012}, {"id": "544955214", "price": 0.4145, "amount": 13.0, "side": "sell", "timestamp": 1764998708350}, {"id": "544955215", "price": 0.4145, "amount": 43.0, "side": "sell", "timestamp": 1764998709750}, {"id": "544955216", "price": 0.4145, "amount": 62.0, "side": "sell", "timestamp": 1764998709867}, {"id": "544955217", "price": 0.4145, "amount": 7.0, "side": "sell", "timestamp": 1764998710686}, {"id": "544955218", "price": 0.4145, "amount": 14.0, "side": "sell", "timestamp": 1764998711303}, {"id": "544955219", "price": 0.4145, "amount": 29.0, "side": "sell", "timestamp": 1764998711664}, {"id": "544955220", "price": 0.4145, "amount": 8.0, "side": "sell", "timestamp": 1764998712204}, {"id": "544955221", "price": 0.4145, "amount": 12.0, "side": "sell", "timestamp": 1764998713623}, {"id": "544955222", "price": 0.4145, "amount": 637.0, "side": "sell", "timestamp": 1764998713801}, {"id": "544955223", "price": 0.4145, "amount": 15.0, "side": "sell", "timestamp": 1764998714034}, {"id": "544955224", "price": 0.4145, "amount": 6.0, "side": "sell", "timestamp": 1764998714630}, {"id": "544955225", "price": 0.4146, "amount": 12.0, "side": "buy", "timestamp": 1764998715732}, {"id": "544955226", "price": 0.4145, "amount": 1.0, "side": "sell", "timestamp": 1764998718102}, {"id": "544955227", "price": 0.4146, "amount": 14.0, "side": "buy", "timestamp": 1764998718503}, {"id": "544955228", "price": 0.4145, "amount": 2.0, "side": "sell", "timestamp": 1764998718629}, {"id": "544955229", "price": 0.4145, "amount": 27.0, "side": "sell", "timestamp": 1764998721143}, {"id": "544955230", "price": 0.4145, "amount": 2091.0, "side": "sell", "timestamp": 1764998721288}, {"id": "544955231", "price": 0.4144, "amount": 4882.0, "side": "sell", "timestamp": 1764998722836}, {"id": "544955232", "price": 0.4144, "amount": 131.0, "side": "sell", "timestamp": 1764998723438}, {"id": "544955233", "price": 0.4144, "amount": 6.0, "side": "sell", "timestamp": 1764998727552}, {"id": "544955234", "price": 0.4144, "amount": 5136.0, "side": "sell", "timestamp": 1764998727700}, {"id": "544955235", "price": 0.4143, "amount": 1.0, "side": "sell", "timestamp": 1764998729037}, {"id": "544955236", "price": 0.4143, "amount": 12316.0, "side": "sell", "timestamp": 1764998729241}, {"id": "544955237", "price": 0.4142, "amount": 6.0, "side": "sell", "timestamp": 1764998729878}, {"id": "544955238", "price": 0.4142, "amount": 9046.0, "side": "sell", "timestamp": 1764998732132}, {"id": "544955239", "price": 0.4141, "amount": 2373.0, "side": "sell", "timestamp": 1764998732138}, {"id": "544955240", "price": 0.4141, "amount": 3.0, "side": "sell", "timestamp": 1764998735451}, {"id": "544955241", "price": 0.4141, "amount": 7330.0, "side": "sell", "timestamp": 1764998741058}, {"id": "544955242", "price": 0.4141, "amount": 1.0, "side": "sell", "timestamp": 1764998741388}, {"id": "544955243", "price": 0.4141, "amount": 13.0, "side": "sell", "timestamp": 1764998747119}, {"id": "544955244", "price": 0.4141, "amount": 29.0, "side": "sell", "timestamp": 1764998747662}, {"id": "544955245", "price": 0.4141, "amount": 17.0, "side": "sell", "timestamp": 1764998749490}, {"id": "544955246", "price": 0.4141, "amount": 11.0, "side": "sell", "timestamp": 1764998749669}, {"id": "544955247", "price": 0.4141, "amount": 6.0, "side": "sell", "timestamp": 1764998750216}, {"id": "544955248", "price": 0.4141, "amount": 5.0, "side": "sell", "timestamp": 1764998750665}, {"id": "544955249", "price": 0.4141, "amount": 14.0, "side": "sell", "timestamp": 1764998750961}, {"id": "544955250", "price": 0.4141, "amount": 13.0, "side": "sell", "timestamp": 1764998752144}, {"id": "544955241", "price": 0.4141, "amount": 7330.0, "side": "sell", "timestamp": 1764998741058}, {"id": "544955242", "price": 0.4141, "amount": 1.0, "side": "sell", "timestamp": 1764998741388}, {"id": "544955243", "price": 0.4141, "amount": 13.0, "side": "sell", "timestamp": 1764998747119}, {"id": "544955244", "price": 0.4141, "amount": 29.0, "side": "sell", "timestamp": 1764998747662}, {"id": "544955245", "price": 0.4141, "amount": 17.0, "side": "sell", "timestamp": 1764998749490}, {"id": "544955246", "price": 0.4141, "amount": 11.0, "side": "sell", "timestamp": 1764998749669}, {"id": "544955247", "price": 0.4141, "amount": 6.0, "side": "sell", "timestamp": 1764998750216}, {"id": "544955248", "price": 0.4141, "amount": 5.0, "side": "sell", "timestamp": 1764998750665}, {"id": "544955249", "price": 0.4141, "amount": 14.0, "side": "sell", "timestamp": 1764998750961}, {"id": "544955250", "price": 0.4141, "amount": 13.0, "side": "sell", "timestamp": 1764998752144}, {"id": "544955251", "price": 0.4141, "amount": 3.0, "side": "sell", "timestamp": 1764998756831}, {"id": "544955252", "price": 0.4141, "amount": 5.0, "side": "sell", "timestamp": 1764998757537}, {"id": "544955253", "price": 0.4142, "amount": 26.0, "side": "buy", "timestamp": 1764998761200}, {"id": "544955254", "price": 0.4141, "amount": 6.0, "side": "sell", "timestamp": 1764998762187}, {"id": "544955255", "price": 0.4141, "amount": 8.0, "side": "sell", "timestamp": 1764998764807}, {"id": "544955256", "price": 0.4142, "amount": 23.0, "side": "buy", "timestamp": 1764998765104}, {"id": "544955257", "price": 0.4142, "amount": 13.0, "side": "buy", "timestamp": 1764998765617}, {"id": "544955258", "price": 0.4141, "amount": 6.0, "side": "sell", "timestamp": 1764998766431}, {"id": "544955259", "price": 0.4141, "amount": 5.0, "side": "sell", "timestamp": 1764998767231}, {"id": "544955260", "price": 0.4141, "amount": 142.0, "side": "sell", "timestamp": 1764998768369}, {"id": "544955261", "price": 0.4141, "amount": 7.0, "side": "sell", "timestamp": 1764998771257}, {"id": "544955262", "price": 0.4141, "amount": 11798.0, "side": "sell", "timestamp": 1764998771917}, {"id": "544955263", "price": 0.414, "amount": 1.0, "side": "sell", "timestamp": 1764998772568}, {"id": "544955264", "price": 0.414, "amount": 29959.0, "side": "sell", "timestamp": 1764998773642}, {"id": "544955265", "price": 0.4139, "amount": 3267.0, "side": "sell", "timestamp": 1764998773687}, {"id": "544955266", "price": 0.4139, "amount": 978.0, "side": "sell", "timestamp": 1764998773958}, {"id": "544955267", "price": 0.4139, "amount": 316.0, "side": "sell", "timestamp": 1764998774663}, {"id": "544955268", "price": 0.4139, "amount": 2.0, "side": "sell", "timestamp": 1764998776103}, {"id": "544955269", "price": 0.4139, "amount": 609.0, "side": "sell", "timestamp": 1764998779440}, {"id": "544955270", "price": 0.4139, "amount": 4880.0, "side": "sell", "timestamp": 1764998782495}, {"id": "544955271", "price": 0.4139, "amount": 78.0, "side": "sell", "timestamp": 1764998783377}, {"id": "544955272", "price": 0.4139, "amount": 29.0, "side": "sell", "timestamp": 1764998783665}, {"id": "544955273", "price": 0.414, "amount": 37.0, "side": "buy", "timestamp": 1764998784289}, {"id": "544955274", "price": 0.4139, "amount": 10.0, "side": "sell", "timestamp": 1764998784452}, {"id": "544955275", "price": 0.414, "amount": 19.0, "side": "buy", "timestamp": 1764998785395}, {"id": "544955276", "price": 0.4139, "amount": 106.0, "side": "sell", "timestamp": 1764998786745}, {"id": "544955277", "price": 0.4139, "amount": 70.0, "side": "sell", "timestamp": 1764998787733}, {"id": "544955278", "price": 0.4139, "amount": 8.0, "side": "sell", "timestamp": 1764998790330}, {"id": "544955279", "price": 0.4139, "amount": 62.0, "side": "sell", "timestamp": 1764998791794}, {"id": "544955280", "price": 0.4139, "amount": 6.0, "side": "sell", "timestamp": 1764998792934}, {"id": "544955281", "price": 0.4139, "amount": 800.0, "side": "sell", "timestamp": 1764998793772}, {"id": "544955282", "price": 0.4139, "amount": 2431.0, "side": "sell", "timestamp": 1764998795397}, {"id": "544955283", "price": 0.4139, "amount": 7.0, "side": "sell", "timestamp": 1764998796509}, {"id": "544955284", "price": 0.4139, "amount": 13.0, "side": "sell", "timestamp": 1764998797975}, {"id": "544955285", "price": 0.4139, "amount": 171.0, "side": "sell", "timestamp": 1764998800355}, {"id": "544955286", "price": 0.414, "amount": 87.0, "side": "buy", "timestamp": 1764998802849}, {"id": "544955287", "price": 0.414, "amount": 14356.0, "side": "buy", "timestamp": 1764998805149}, {"id": "544955288", "price": 0.4141, "amount": 4760.0, "side": "buy", "timestamp": 1764998805173}, {"id": "544955289", "price": 0.414, "amount": 6.0, "side": "sell", "timestamp": 1764998805668}, {"id": "544955290", "price": 0.414, "amount": 113.0, "side": "sell", "timestamp": 1764998806065}, {"id": "544955287", "price": 0.414, "amount": 14356.0, "side": "buy", "timestamp": 1764998805149}, {"id": "544955288", "price": 0.4141, "amount": 4760.0, "side": "buy", "timestamp": 1764998805173}, {"id": "544955289", "price": 0.414, "amount": 6.0, "side": "sell", "timestamp": 1764998805668}, {"id": "544955290", "price": 0.414, "amount": 113.0, "side": "sell", "timestamp": 1764998806065}, {"id": "544955291", "price": 0.4141, "amount": 2730.0, "side": "buy", "timestamp": 1764998806500}, {"id": "544955292", "price": 0.414, "amount": 25.0, "side": "sell", "timestamp": 1764998806505}, {"id": "544955293", "price": 0.4141, "amount": 3897.0, "side": "buy", "timestamp": 1764998806506}, {"id": "544955294", "price": 0.4141, "amount": 131.0, "side": "sell", "timestamp": 1764998807585}, {"id": "544955295", "price": 0.4141, "amount": 4.0, "side": "sell", "timestamp": 1764998809878}, {"id": "544955296", "price": 0.4141, "amount": 3.0, "side": "sell", "timestamp": 1764998810257}, {"id": "544955297", "price": 0.4141, "amount": 3991.0, "side": "sell", "timestamp": 1764998811173}, {"id": "544955298", "price": 0.414, "amount": 5.0, "side": "sell", "timestamp": 1764998812711}, {"id": "544955299", "price": 0.414, "amount": 14.0, "side": "sell", "timestamp": 1764998814126}, {"id": "544955300", "price": 0.414, "amount": 7.0, "side": "sell", "timestamp": 1764998815879}, {"id": "544955301", "price": 0.414, "amount": 2.0, "side": "sell", "timestamp": 1764998817389}, {"id": "544955302", "price": 0.414, "amount": 7.0, "side": "sell", "timestamp": 1764998818106}, {"id": "544955303", "price": 0.414, "amount": 6.0, "side": "sell", "timestamp": 1764998819527}, {"id": "544955304", "price": 0.414, "amount": 29.0, "side": "sell", "timestamp": 1764998819658}, {"id": "544955305", "price": 0.4141, "amount": 24.0, "side": "buy", "timestamp": 1764998821503}, {"id": "544955306", "price": 0.414, "amount": 55.0, "side": "sell", "timestamp": 1764998823054}, {"id": "544955307", "price": 0.414, "amount": 13.0, "side": "sell", "timestamp": 1764998823519}, {"id": "544955308", "price": 0.4141, "amount": 36.0, "side": "buy", "timestamp": 1764998824370}, {"id": "544955309", "price": 0.4141, "amount": 13.0, "side": "buy", "timestamp": 1764998824516}, {"id": "544955310", "price": 0.4141, "amount": 18.0, "side": "buy", "timestamp": 1764998825093}, {"id": "544955311", "price": 0.414, "amount": 5.0, "side": "sell", "timestamp": 1764998825144}, {"id": "544955312", "price": 0.4141, "amount": 17.0, "side": "buy", "timestamp": 1764998825409}, {"id": "544955313", "price": 0.414, "amount": 6.0, "side": "sell", "timestamp": 1764998827400}, {"id": "544955314", "price": 0.414, "amount": 78.0, "side": "sell", "timestamp": 1764998829739}, {"id": "544955315", "price": 0.414, "amount": 206.0, "side": "sell", "timestamp": 1764998829924}, {"id": "544955316", "price": 0.4141, "amount": 28.0, "side": "buy", "timestamp": 1764998831282}, {"id": "544955317", "price": 0.414, "amount": 7.0, "side": "sell", "timestamp": 1764998831824}, {"id": "544955318", "price": 0.414, "amount": 38.0, "side": "sell", "timestamp": 1764998833465}, {"id": "544955319", "price": 0.414, "amount": 4.0, "side": "sell", "timestamp": 1764998834112}, {"id": "544955320", "price": 0.414, "amount": 4.0, "side": "sell", "timestamp": 1764998837558}, {"id": "544955321", "price": 0.414, "amount": 7.0, "side": "sell", "timestamp": 1764998838613}, {"id": "544955322", "price": 0.414, "amount": 1.0, "side": "sell", "timestamp": 1764998840539}, {"id": "544955323", "price": 0.414, "amount": 7.0, "side": "sell", "timestamp": 1764998842061}, {"id": "544955324", "price": 0.414, "amount": 1.0, "side": "sell", "timestamp": 1764998844261}, {"id": "544955325", "price": 0.4141, "amount": 19.0, "side": "buy", "timestamp": 1764998846495}, {"id": "544955326", "price": 0.414, "amount": 19.0, "side": "sell", "timestamp": 1764998846682}, {"id": "544955327", "price": 0.414, "amount": 14.0, "side": "sell", "timestamp": 1764998849056}, {"id": "544955328", "price": 0.414, "amount": 31.0, "side": "sell", "timestamp": 1764998849416}, {"id": "544955329", "price": 0.414, "amount": 4423.0, "side": "sell", "timestamp": 1764998849537}, {"id": "544955330", "price": 0.4139, "amount": 2.0, "side": "sell", "timestamp": 1764998849881}, {"id": "544955331", "price": 0.4139, "amount": 25.0, "side": "sell", "timestamp": 1764998850833}, {"id": "544955332", "price": 0.4139, "amount": 333.0, "side": "sell", "timestamp": 1764998851542}, {"id": "544955333", "price": 0.4139, "amount": 5.0, "side": "sell", "timestamp": 1764998851815}, {"id": "544955334", "price": 0.4139, "amount": 195.0, "side": "sell", "timestamp": 1764998853263}, {"id": "544955335", "price": 0.4139, "amount": 29.0, "side": "sell", "timestamp": 1764998855665}, {"id": "544955336", "price": 0.4139, "amount": 2.0, "side": "sell", "timestamp": 1764998857374}, {"id": "544955328", "price": 0.414, "amount": 31.0, "side": "sell", "timestamp": 1764998849416}, {"id": "544955329", "price": 0.414, "amount": 4423.0, "side": "sell", "timestamp": 1764998849537}, {"id": "544955330", "price": 0.4139, "amount": 2.0, "side": "sell", "timestamp": 1764998849881}, {"id": "544955331", "price": 0.4139, "amount": 25.0, "side": "sell", "timestamp": 1764998850833}, {"id": "544955332", "price": 0.4139, "amount": 333.0, "side": "sell", "timestamp": 1764998851542}, {"id": "544955333", "price": 0.4139, "amount": 5.0, "side": "sell", "timestamp": 1764998851815}, {"id": "544955334", "price": 0.4139, "amount": 195.0, "side": "sell", "timestamp": 1764998853263}, {"id": "544955335", "price": 0.4139, "amount": 29.0, "side": "sell", "timestamp": 1764998855665}, {"id": "544955336", "price": 0.4139, "amount": 2.0, "side": "sell", "timestamp": 1764998857374}, {"id": "544955337", "price": 0.4139, "amount": 25.0, "side": "sell", "timestamp": 1764998862286}, {"id": "544955338", "price": 0.4139, "amount": 1.0, "side": "sell", "timestamp": 1764998863233}, {"id": "544955339", "price": 0.4139, "amount": 6.0, "side": "sell", "timestamp": 1764998864130}, {"id": "544955340", "price": 0.4139, "amount": 3323.0, "side": "sell", "timestamp": 1764998864553}, {"id": "544955341", "price": 0.4139, "amount": 25.0, "side": "sell", "timestamp": 1764998865827}, {"id": "544955342", "price": 0.4139, "amount": 8.0, "side": "sell", "timestamp": 1764998866714}, {"id": "544955343", "price": 0.4139, "amount": 133.0, "side": "sell", "timestamp": 1764998869401}, {"id": "544955344", "price": 0.4139, "amount": 7.0, "side": "sell", "timestamp": 1764998870805}, {"id": "544955345", "price": 0.4139, "amount": 3.0, "side": "sell", "timestamp": 1764998871532}, {"id": "544955346", "price": 0.4139, "amount": 64.0, "side": "sell", "timestamp": 1764998871931}, {"id": "544955347", "price": 0.4139, "amount": 6.0, "side": "sell", "timestamp": 1764998872166}, {"id": "544955348", "price": 0.4139, "amount": 3.0, "side": "sell", "timestamp": 1764998872345}, {"id": "544955349", "price": 0.4139, "amount": 9.0, "side": "sell", "timestamp": 1764998873265}, {"id": "544955350", "price": 0.414, "amount": 712.0, "side": "buy", "timestamp": 1764998875473}, {"id": "544955351", "price": 0.414, "amount": 551.0, "side": "buy", "timestamp": 1764998877229}, {"id": "544955352", "price": 0.4139, "amount": 1.0, "side": "sell", "timestamp": 1764998877947}, {"id": "544955353", "price": 0.4139, "amount": 3.0, "side": "sell", "timestamp": 1764998878369}, {"id": "544955354", "price": 0.4139, "amount": 121.0, "side": "sell", "timestamp": 1764998879088}, {"id": "544955355", "price": 0.4139, "amount": 25.0, "side": "sell", "timestamp": 1764998879444}, {"id": "544955356", "price": 0.414, "amount": 7218.0, "side": "buy", "timestamp": 1764998880529}, {"id": "544955357", "price": 0.414, "amount": 7185.0, "side": "buy", "timestamp": 1764998881770}, {"id": "544955358", "price": 0.4141, "amount": 32.0, "side": "buy", "timestamp": 1764998882593}, {"id": "544955359", "price": 0.4141, "amount": 1200.0, "side": "buy", "timestamp": 1764998885099}, {"id": "544955360", "price": 0.414, "amount": 1207.0, "side": "sell", "timestamp": 1764998885393}, {"id": "544955361", "price": 0.4141, "amount": 20.0, "side": "buy", "timestamp": 1764998885647}, {"id": "544955362", "price": 0.414, "amount": 15.0, "side": "sell", "timestamp": 1764998887615}, {"id": "544955363", "price": 0.414, "amount": 5.0, "side": "sell", "timestamp": 1764998888082}, {"id": "544955364", "price": 0.414, "amount": 7.0, "side": "sell", "timestamp": 1764998889677}, {"id": "544955365", "price": 0.4141, "amount": 212.0, "side": "buy", "timestamp": 1764998890693}, {"id": "544955366", "price": 0.414, "amount": 29.0, "side": "sell", "timestamp": 1764998891665}, {"id": "544955367", "price": 0.414, "amount": 7.0, "side": "sell", "timestamp": 1764998892246}, {"id": "544955368", "price": 0.414, "amount": 7.0, "side": "sell", "timestamp": 1764998892382}, {"id": "544955369", "price": 0.414, "amount": 1.0, "side": "sell", "timestamp": 1764998894516}, {"id": "544955370", "price": 0.4141, "amount": 1657.0, "side": "buy", "timestamp": 1764998898553}, {"id": "544955371", "price": 0.4141, "amount": 6.0, "side": "sell", "timestamp": 1764998898642}, {"id": "544955372", "price": 0.4141, "amount": 242.0, "side": "sell", "timestamp": 1764998899051}, {"id": "544955373", "price": 0.414, "amount": 3.0, "side": "sell", "timestamp": 1764998899095}, {"id": "544955374", "price": 0.414, "amount": 13.0, "side": "sell", "timestamp": 1764998899917}, {"id": "544955375", "price": 0.4141, "amount": 17.0, "side": "buy", "timestamp": 1764998903946}, {"id": "544955376", "price": 0.414, "amount": 6.0, "side": "sell", "timestamp": 1764998905282}, {"id": "544955377", "price": 0.414, "amount": 554.0, "side": "sell", "timestamp": 1764998908064}, {"id": "544955362", "price": 0.414, "amount": 15.0, "side": "sell", "timestamp": 1764998887615}, {"id": "544955363", "price": 0.414, "amount": 5.0, "side": "sell", "timestamp": 1764998888082}, {"id": "544955364", "price": 0.414, "amount": 7.0, "side": "sell", "timestamp": 1764998889677}, {"id": "544955365", "price": 0.4141, "amount": 212.0, "side": "buy", "timestamp": 1764998890693}, {"id": "544955366", "price": 0.414, "amount": 29.0, "side": "sell", "timestamp": 1764998891665}, {"id": "544955367", "price": 0.414, "amount": 7.0, "side": "sell", "timestamp": 1764998892246}, {"id": "544955368", "price": 0.414, "amount": 7.0, "side": "sell", "timestamp": 1764998892382}, {"id": "544955369", "price": 0.414, "amount": 1.0, "side": "sell", "timestamp": 1764998894516}, {"id": "544955370", "price": 0.4141, "amount": 1657.0, "side": "buy", "timestamp": 1764998898553}, {"id": "544955371", "price": 0.4141, "amount": 6.0, "side": "sell", "timestamp": 1764998898642}, {"id": "544955372", "price": 0.4141, "amount": 242.0, "side": "sell", "timestamp": 1764998899051}, {"id": "544955373", "price": 0.414, "amount": 3.0, "side": "sell", "timestamp": 1764998899095}, {"id": "544955374", "price": 0.414, "amount": 13.0, "side": "sell", "timestamp": 1764998899917}, {"id": "544955375", "price": 0.4141, "amount": 17.0, "side": "buy", "timestamp": 1764998903946}, {"id": "544955376", "price": 0.414, "amount": 6.0, "side": "sell", "timestamp": 1764998905282}, {"id": "544955377", "price": 0.414, "amount": 554.0, "side": "sell", "timestamp": 1764998908064}, {"id": "544955378", "price": 0.414, "amount": 3000.0, "side": "sell", "timestamp": 1764998909566}, {"id": "544955379", "price": 0.414, "amount": 3861.0, "side": "sell", "timestamp": 1764998911619}, {"id": "544955380", "price": 0.4141, "amount": 397.0, "side": "buy", "timestamp": 1764998912500}, {"id": "544955381", "price": 0.4141, "amount": 14.0, "side": "buy", "timestamp": 1764998914725}, {"id": "544955382", "price": 0.414, "amount": 8.0, "side": "sell", "timestamp": 1764998918164}, {"id": "544955383", "price": 0.414, "amount": 3112.0, "side": "sell", "timestamp": 1764998919432}, {"id": "544955384", "price": 0.414, "amount": 6.0, "side": "sell", "timestamp": 1764998925270}, {"id": "544955385", "price": 0.414, "amount": 13.0, "side": "sell", "timestamp": 1764998925439}, {"id": "544955386", "price": 0.414, "amount": 29.0, "side": "sell", "timestamp": 1764998927663}, {"id": "544955387", "price": 0.414, "amount": 5.0, "side": "sell", "timestamp": 1764998927954}, {"id": "544955388", "price": 0.4141, "amount": 16.0, "side": "buy", "timestamp": 1764998928752}, {"id": "544955389", "price": 0.414, "amount": 4.0, "side": "sell", "timestamp": 1764998930715}, {"id": "544955390", "price": 0.414, "amount": 7.0, "side": "sell", "timestamp": 1764998931381}, {"id": "544955391", "price": 0.414, "amount": 7.0, "side": "sell", "timestamp": 1764998933175}, {"id": "544955392", "price": 0.414, "amount": 8.0, "side": "sell", "timestamp": 1764998933841}, {"id": "544955393", "price": 0.4141, "amount": 125.0, "side": "buy", "timestamp": 1764998937740}, {"id": "544955394", "price": 0.414, "amount": 2.0, "side": "sell", "timestamp": 1764998938421}, {"id": "544955395", "price": 0.414, "amount": 4.0, "side": "sell", "timestamp": 1764998940486}, {"id": "544955396", "price": 0.414, "amount": 7.0, "side": "sell", "timestamp": 1764998940631}, {"id": "544955397", "price": 0.4141, "amount": 7625.0, "side": "buy", "timestamp": 1764998943580}, {"id": "544955398", "price": 0.4142, "amount": 13.0, "side": "buy", "timestamp": 1764998944944}, {"id": "544955399", "price": 0.4142, "amount": 13.0, "side": "buy", "timestamp": 1764998945129}, {"id": "544955400", "price": 0.4142, "amount": 15.0, "side": "buy", "timestamp": 1764998945419}, {"id": "544955401", "price": 0.4141, "amount": 4.0, "side": "sell", "timestamp": 1764998947397}, {"id": "544955402", "price": 0.4142, "amount": 27.0, "side": "buy", "timestamp": 1764998948480}, {"id": "544955403", "price": 0.4141, "amount": 4.0, "side": "sell", "timestamp": 1764998949709}, {"id": "544955404", "price": 0.4141, "amount": 1000.0, "side": "sell", "timestamp": 1764998950481}, {"id": "544955405", "price": 0.4141, "amount": 13.0, "side": "sell", "timestamp": 1764998950976}, {"id": "544955406", "price": 0.4141, "amount": 6.0, "side": "sell", "timestamp": 1764998951697}, {"id": "544955407", "price": 0.4141, "amount": 7.0, "side": "sell", "timestamp": 1764998952939}, {"id": "544955408", "price": 0.4141, "amount": 15398.0, "side": "sell", "timestamp": 1764998954392}, {"id": "544955409", "price": 0.4141, "amount": 6.0, "side": "sell", "timestamp": 1764998956303}, {"id": "544955410", "price": 0.4141, "amount": 24.0, "side": "sell", "timestamp": 1764998958119}, {"id": "544955411", "price": 0.4141, "amount": 4.0, "side": "sell", "timestamp": 1764998960618}, {"id": "544955403", "price": 0.4141, "amount": 4.0, "side": "sell", "timestamp": 1764998949709}, {"id": "544955404", "price": 0.4141, "amount": 1000.0, "side": "sell", "timestamp": 1764998950481}, {"id": "544955405", "price": 0.4141, "amount": 13.0, "side": "sell", "timestamp": 1764998950976}, {"id": "544955406", "price": 0.4141, "amount": 6.0, "side": "sell", "timestamp": 1764998951697}, {"id": "544955407", "price": 0.4141, "amount": 7.0, "side": "sell", "timestamp": 1764998952939}, {"id": "544955408", "price": 0.4141, "amount": 15398.0, "side": "sell", "timestamp": 1764998954392}, {"id": "544955409", "price": 0.4141, "amount": 6.0, "side": "sell", "timestamp": 1764998956303}, {"id": "544955410", "price": 0.4141, "amount": 24.0, "side": "sell", "timestamp": 1764998958119}, {"id": "544955411", "price": 0.4141, "amount": 4.0, "side": "sell", "timestamp": 1764998960618}, {"id": "544955412", "price": 0.4142, "amount": 17424.0, "side": "buy", "timestamp": 1764998962042}, {"id": "544955413", "price": 0.4143, "amount": 472.0, "side": "buy", "timestamp": 1764998962051}, {"id": "544955414", "price": 0.4142, "amount": 2.0, "side": "sell", "timestamp": 1764998962876}, {"id": "544955415", "price": 0.4142, "amount": 29.0, "side": "sell", "timestamp": 1764998963666}, {"id": "544955416", "price": 0.4142, "amount": 2.0, "side": "sell", "timestamp": 1764998964738}, {"id": "544955417", "price": 0.4142, "amount": 69.0, "side": "sell", "timestamp": 1764998965702}, {"id": "544955418", "price": 0.4142, "amount": 46.0, "side": "sell", "timestamp": 1764998965880}, {"id": "544955419", "price": 0.4142, "amount": 6.0, "side": "sell", "timestamp": 1764998966177}, {"id": "544955420", "price": 0.4143, "amount": 13.0, "side": "buy", "timestamp": 1764998966537}, {"id": "544955421", "price": 0.4142, "amount": 8.0, "side": "sell", "timestamp": 1764998969028}, {"id": "544955422", "price": 0.4142, "amount": 1.0, "side": "sell", "timestamp": 1764998970472}, {"id": "544955423", "price": 0.4142, "amount": 5.0, "side": "sell", "timestamp": 1764998971801}, {"id": "544955424", "price": 0.4143, "amount": 13426.0, "side": "buy", "timestamp": 1764998972324}, {"id": "544955425", "price": 0.4144, "amount": 72.0, "side": "buy", "timestamp": 1764998972332}, {"id": "544955426", "price": 0.4143, "amount": 4.0, "side": "sell", "timestamp": 1764998974269}, {"id": "544955427", "price": 0.4143, "amount": 7.0, "side": "sell", "timestamp": 1764998978708}, {"id": "544955428", "price": 0.4143, "amount": 2.0, "side": "sell", "timestamp": 1764998979736}, {"id": "544955429", "price": 0.4143, "amount": 13.0, "side": "sell", "timestamp": 1764998980661}, {"id": "544955430", "price": 0.4143, "amount": 48076.0, "side": "sell", "timestamp": 1764998982960}, {"id": "544955431", "price": 0.4143, "amount": 663.0, "side": "sell", "timestamp": 1764998985285}, {"id": "544955432", "price": 0.4143, "amount": 2.0, "side": "sell", "timestamp": 1764998985395}, {"id": "544955433", "price": 0.4143, "amount": 2035.0, "side": "sell", "timestamp": 1764998986243}, {"id": "544955434", "price": 0.4142, "amount": 25.0, "side": "sell", "timestamp": 1764998991918}, {"id": "544955435", "price": 0.4142, "amount": 5.0, "side": "sell", "timestamp": 1764998992113}, {"id": "544955436", "price": 0.4142, "amount": 17912.0, "side": "sell", "timestamp": 1764998992511}, {"id": "544955437", "price": 0.4142, "amount": 14.0, "side": "sell", "timestamp": 1764998994398}, {"id": "544955438", "price": 0.4142, "amount": 5.0, "side": "sell", "timestamp": 1764998994612}, {"id": "544955439", "price": 0.4142, "amount": 16.0, "side": "sell", "timestamp": 1764998994769}, {"id": "544955440", "price": 0.4143, "amount": 86.0, "side": "buy", "timestamp": 1764998995723}, {"id": "544955441", "price": 0.4142, "amount": 14.0, "side": "sell", "timestamp": 1764998997680}, {"id": "544955442", "price": 0.4142, "amount": 9.0, "side": "sell", "timestamp": 1764998998959}, {"id": "544955443", "price": 0.4142, "amount": 29.0, "side": "sell", "timestamp": 1764998999666}, {"id": "544955444", "price": 0.4142, "amount": 6035.0, "side": "sell", "timestamp": 1764998999841}, {"id": "544955445", "price": 0.4142, "amount": 10605.0, "side": "sell", "timestamp": 1764999002012}, {"id": "544955446", "price": 0.4141, "amount": 28.0, "side": "sell", "timestamp": 1764999002117}, {"id": "544955447", "price": 0.4142, "amount": 658.0, "side": "buy", "timestamp": 1764999003059}, {"id": "544955448", "price": 0.4142, "amount": 13.0, "side": "sell", "timestamp": 1764999004386}, {"id": "544955449", "price": 0.4143, "amount": 16.0, "side": "buy", "timestamp": 1764999005141}, {"id": "544955450", "price": 0.4142, "amount": 5.0, "side": "sell", "timestamp": 1764999008658}, {"id": "544955451", "price": 0.4143, "amount": 431.0, "side": "buy", "timestamp": 1764999009378}, {"id": "544955452", "price": 0.4142, "amount": 96.0, "side": "sell", "timestamp": 1764999009440}, {"id": "544955448", "price": 0.4142, "amount": 13.0, "side": "sell", "timestamp": 1764999004386}, {"id": "544955449", "price": 0.4143, "amount": 16.0, "side": "buy", "timestamp": 1764999005141}, {"id": "544955450", "price": 0.4142, "amount": 5.0, "side": "sell", "timestamp": 1764999008658}, {"id": "544955451", "price": 0.4143, "amount": 431.0, "side": "buy", "timestamp": 1764999009378}, {"id": "544955452", "price": 0.4142, "amount": 96.0, "side": "sell", "timestamp": 1764999009440}, {"id": "544955453", "price": 0.4142, "amount": 8.0, "side": "sell", "timestamp": 1764999013505}, {"id": "544955454", "price": 0.4142, "amount": 1.0, "side": "sell", "timestamp": 1764999013790}, {"id": "544955455", "price": 0.4143, "amount": 19.0, "side": "buy", "timestamp": 1764999014976}, {"id": "544955456", "price": 0.4142, "amount": 71.0, "side": "sell", "timestamp": 1764999017337}, {"id": "544955457", "price": 0.4142, "amount": 1.0, "side": "sell", "timestamp": 1764999018275}, {"id": "544955458", "price": 0.4142, "amount": 285.0, "side": "sell", "timestamp": 1764999019091}, {"id": "544955459", "price": 0.4143, "amount": 17.0, "side": "buy", "timestamp": 1764999019966}, {"id": "544955460", "price": 0.4142, "amount": 4.0, "side": "sell", "timestamp": 1764999022164}, {"id": "544955461", "price": 0.4142, "amount": 72.0, "side": "sell", "timestamp": 1764999022776}, {"id": "544955462", "price": 0.4142, "amount": 22.0, "side": "sell", "timestamp": 1764999024237}, {"id": "544955463", "price": 0.4143, "amount": 19.0, "side": "buy", "timestamp": 1764999024871}, {"id": "544955464", "price": 0.4142, "amount": 6314.0, "side": "sell", "timestamp": 1764999025402}, {"id": "544955465", "price": 0.4142, "amount": 10.0, "side": "sell", "timestamp": 1764999025884}, {"id": "544955466", "price": 0.4142, "amount": 24920.0, "side": "sell", "timestamp": 1764999026595}, {"id": "544955467", "price": 0.4141, "amount": 15.0, "side": "sell", "timestamp": 1764999028178}, {"id": "544955468", "price": 0.4142, "amount": 13.0, "side": "buy", "timestamp": 1764999030427}, {"id": "544955469", "price": 0.4141, "amount": 7.0, "side": "sell", "timestamp": 1764999031523}, {"id": "544955470", "price": 0.4142, "amount": 2.0, "side": "buy", "timestamp": 1764999032077}, {"id": "544955471", "price": 0.4141, "amount": 850.0, "side": "sell", "timestamp": 1764999034748}, {"id": "544955472", "price": 0.4141, "amount": 29.0, "side": "sell", "timestamp": 1764999035669}, {"id": "544955473", "price": 0.4141, "amount": 2509.0, "side": "sell", "timestamp": 1764999038501}, {"id": "544955474", "price": 0.4141, "amount": 83.0, "side": "sell", "timestamp": 1764999039613}, {"id": "544955475", "price": 0.4142, "amount": 18.0, "side": "buy", "timestamp": 1764999040103}, {"id": "544955476", "price": 0.4141, "amount": 8.0, "side": "sell", "timestamp": 1764999043260}, {"id": "544955477", "price": 0.4142, "amount": 17.0, "side": "buy", "timestamp": 1764999045107}, {"id": "544955478", "price": 0.4142, "amount": 12.0, "side": "buy", "timestamp": 1764999045351}, {"id": "544955479", "price": 0.4141, "amount": 12.0, "side": "sell", "timestamp": 1764999045508}, {"id": "544955480", "price": 0.4141, "amount": 8.0, "side": "sell", "timestamp": 1764999046325}, {"id": "544955481", "price": 0.4141, "amount": 17.0, "side": "sell", "timestamp": 1764999048066}, {"id": "544955482", "price": 0.4141, "amount": 1163.0, "side": "sell", "timestamp": 1764999049060}, {"id": "544955483", "price": 0.4141, "amount": 5.0, "side": "sell", "timestamp": 1764999049651}, {"id": "544955484", "price": 0.4142, "amount": 18.0, "side": "buy", "timestamp": 1764999050095}, {"id": "544955485", "price": 0.4141, "amount": 4.0, "side": "sell", "timestamp": 1764999051297}, {"id": "544955486", "price": 0.4141, "amount": 693.0, "side": "sell", "timestamp": 1764999051766}, {"id": "544955487", "price": 0.4141, "amount": 130.0, "side": "sell", "timestamp": 1764999052289}, {"id": "544955488", "price": 0.4141, "amount": 4.0, "side": "sell", "timestamp": 1764999052532}, {"id": "544955489", "price": 0.4141, "amount": 82.0, "side": "sell", "timestamp": 1764999053424}, {"id": "544955490", "price": 0.4141, "amount": 5.0, "side": "sell", "timestamp": 1764999054949}, {"id": "544955491", "price": 0.4141, "amount": 6.0, "side": "sell", "timestamp": 1764999058025}, {"id": "544955492", "price": 0.4141, "amount": 2.0, "side": "sell", "timestamp": 1764999059537}, {"id": "544955493", "price": 0.4142, "amount": 46.0, "side": "buy", "timestamp": 1764999060868}, {"id": "544955494", "price": 0.4141, "amount": 7.0, "side": "sell", "timestamp": 1764999062062}, {"id": "544955495", "price": 0.4142, "amount": 29.0, "side": "buy", "timestamp": 1764999064318}, {"id": "544955496", "price": 0.4141, "amount": 82.0, "side": "sell", "timestamp": 1764999064446}, {"id": "544955497", "price": 0.4142, "amount": 18.0, "side": "buy", "timestamp": 1764999064633}, {"id": "544955495", "price": 0.4142, "amount": 29.0, "side": "buy", "timestamp": 1764999064318}, {"id": "544955496", "price": 0.4141, "amount": 82.0, "side": "sell", "timestamp": 1764999064446}, {"id": "544955497", "price": 0.4142, "amount": 18.0, "side": "buy", "timestamp": 1764999064633}, {"id": "544955498", "price": 0.4142, "amount": 15.0, "side": "buy", "timestamp": 1764999065134}, {"id": "544955499", "price": 0.4142, "amount": 27.0, "side": "buy", "timestamp": 1764999065392}, {"id": "544955500", "price": 0.4141, "amount": 454.0, "side": "sell", "timestamp": 1764999066037}, {"id": "544955501", "price": 0.4141, "amount": 13.0, "side": "sell", "timestamp": 1764999067441}, {"id": "544955502", "price": 0.4141, "amount": 14.0, "side": "sell", "timestamp": 1764999068788}, {"id": "544955503", "price": 0.4141, "amount": 8.0, "side": "sell", "timestamp": 1764999069759}, {"id": "544955504", "price": 0.4141, "amount": 21.0, "side": "sell", "timestamp": 1764999069959}, {"id": "544955505", "price": 0.4141, "amount": 8.0, "side": "sell", "timestamp": 1764999071248}, {"id": "544955506", "price": 0.4141, "amount": 29.0, "side": "sell", "timestamp": 1764999071658}, {"id": "544955507", "price": 0.4141, "amount": 8.0, "side": "sell", "timestamp": 1764999071831}, {"id": "544955508", "price": 0.4141, "amount": 7.0, "side": "sell", "timestamp": 1764999074113}, {"id": "544955509", "price": 0.4141, "amount": 23.0, "side": "sell", "timestamp": 1764999074903}, {"id": "544955510", "price": 0.4141, "amount": 6.0, "side": "sell", "timestamp": 1764999077941}, {"id": "544955511", "price": 0.4141, "amount": 14.0, "side": "sell", "timestamp": 1764999079018}, {"id": "544955512", "price": 0.4141, "amount": 21.0, "side": "sell", "timestamp": 1764999079756}, {"id": "544955513", "price": 0.4141, "amount": 16.0, "side": "sell", "timestamp": 1764999080743}, {"id": "544955514", "price": 0.4141, "amount": 91.0, "side": "sell", "timestamp": 1764999081793}, {"id": "544955515", "price": 0.4141, "amount": 4.0, "side": "sell", "timestamp": 1764999083652}, {"id": "544955516", "price": 0.4142, "amount": 404.0, "side": "buy", "timestamp": 1764999084173}, {"id": "544955517", "price": 0.4141, "amount": 1.0, "side": "sell", "timestamp": 1764999084470}, {"id": "544955518", "price": 0.4142, "amount": 15.0, "side": "buy", "timestamp": 1764999084607}, {"id": "544955519", "price": 0.4141, "amount": 22.0, "side": "sell", "timestamp": 1764999084942}, {"id": "544955520", "price": 0.4141, "amount": 2.0, "side": "sell", "timestamp": 1764999085355}, {"id": "544955521", "price": 0.4141, "amount": 121.0, "side": "sell", "timestamp": 1764999089087}, {"id": "544955522", "price": 0.4142, "amount": 211.0, "side": "buy", "timestamp": 1764999089469}, {"id": "544955523", "price": 0.4141, "amount": 23.0, "side": "sell", "timestamp": 1764999089980}, {"id": "544955524", "price": 0.4141, "amount": 2.0, "side": "sell", "timestamp": 1764999091050}, {"id": "544955525", "price": 0.4141, "amount": 119.0, "side": "sell", "timestamp": 1764999092812}, {"id": "544955526", "price": 0.4141, "amount": 8.0, "side": "sell", "timestamp": 1764999093339}, {"id": "544955527", "price": 0.4141, "amount": 95.0, "side": "sell", "timestamp": 1764999094305}, {"id": "544955528", "price": 0.4141, "amount": 24.0, "side": "sell", "timestamp": 1764999095013}, {"id": "544955529", "price": 0.4141, "amount": 7.0, "side": "sell", "timestamp": 1764999095825}, {"id": "544955530", "price": 0.4141, "amount": 104.0, "side": "sell", "timestamp": 1764999097335}, {"id": "544955531", "price": 0.4141, "amount": 21.0, "side": "sell", "timestamp": 1764999099770}, {"id": "544955532", "price": 0.4141, "amount": 3.0, "side": "sell", "timestamp": 1764999101151}, {"id": "544955533", "price": 0.4141, "amount": 15.0, "side": "sell", "timestamp": 1764999104542}, {"id": "544955534", "price": 0.4141, "amount": 22.0, "side": "sell", "timestamp": 1764999105083}, {"id": "544955535", "price": 0.4141, "amount": 20.0, "side": "sell", "timestamp": 1764999105524}, {"id": "544955536", "price": 0.4141, "amount": 1.0, "side": "sell", "timestamp": 1764999106925}, {"id": "544955537", "price": 0.4141, "amount": 29.0, "side": "sell", "timestamp": 1764999107666}, {"id": "544955538", "price": 0.4141, "amount": 21.0, "side": "sell", "timestamp": 1764999109982}, {"id": "544955539", "price": 0.4141, "amount": 7.0, "side": "sell", "timestamp": 1764999110515}, {"id": "544955540", "price": 0.4141, "amount": 2538.0, "side": "sell", "timestamp": 1764999110719}, {"id": "544955541", "price": 0.4141, "amount": 3.0, "side": "sell", "timestamp": 1764999112706}, {"id": "544955542", "price": 0.4141, "amount": 7.0, "side": "sell", "timestamp": 1764999113083}, {"id": "544955543", "price": 0.4141, "amount": 15406.0, "side": "sell", "timestamp": 1764999115426}, {"id": "544955544", "price": 0.4141, "amount": 8.0, "side": "sell", "timestamp": 1764999115601}, {"id": "544955536", "price": 0.4141, "amount": 1.0, "side": "sell", "timestamp": 1764999106925}, {"id": "544955537", "price": 0.4141, "amount": 29.0, "side": "sell", "timestamp": 1764999107666}, {"id": "544955538", "price": 0.4141, "amount": 21.0, "side": "sell", "timestamp": 1764999109982}, {"id": "544955539", "price": 0.4141, "amount": 7.0, "side": "sell", "timestamp": 1764999110515}, {"id": "544955540", "price": 0.4141, "amount": 2538.0, "side": "sell", "timestamp": 1764999110719}, {"id": "544955541", "price": 0.4141, "amount": 3.0, "side": "sell", "timestamp": 1764999112706}, {"id": "544955542", "price": 0.4141, "amount": 7.0, "side": "sell", "timestamp": 1764999113083}, {"id": "544955543", "price": 0.4141, "amount": 15406.0, "side": "sell", "timestamp": 1764999115426}, {"id": "544955544", "price": 0.4141, "amount": 8.0, "side": "sell", "timestamp": 1764999115601}, {"id": "544955545", "price": 0.4141, "amount": 3.0, "side": "sell", "timestamp": 1764999116199}, {"id": "544955546", "price": 0.4142, "amount": 13.0, "side": "buy", "timestamp": 1764999118628}, {"id": "544955547", "price": 0.4141, "amount": 15.0, "side": "sell", "timestamp": 1764999119202}, {"id": "544955548", "price": 0.4141, "amount": 3.0, "side": "sell", "timestamp": 1764999119556}, {"id": "544955549", "price": 0.4141, "amount": 1.0, "side": "sell", "timestamp": 1764999120103}, {"id": "544955550", "price": 0.4142, "amount": 8388.0, "side": "buy", "timestamp": 1764999120954}, {"id": "544955551", "price": 0.4142, "amount": 13.0, "side": "sell", "timestamp": 1764999121142}, {"id": "544955552", "price": 0.4143, "amount": 28220.0, "side": "buy", "timestamp": 1764999122116}, {"id": "544955553", "price": 0.4144, "amount": 17.0, "side": "buy", "timestamp": 1764999124433}, {"id": "544955554", "price": 0.4144, "amount": 14.0, "side": "buy", "timestamp": 1764999125720}, {"id": "544955555", "price": 0.4144, "amount": 618.0, "side": "buy", "timestamp": 1764999125874}, {"id": "544955556", "price": 0.4144, "amount": 15.0, "side": "buy", "timestamp": 1764999126137}, {"id": "544955557", "price": 0.4143, "amount": 26185.0, "side": "sell", "timestamp": 1764999127902}, {"id": "544955558", "price": 0.4142, "amount": 5.0, "side": "sell", "timestamp": 1764999129257}, {"id": "544955559", "price": 0.4142, "amount": 15.0, "side": "sell", "timestamp": 1764999130088}, {"id": "544955560", "price": 0.4142, "amount": 141.0, "side": "sell", "timestamp": 1764999130238}, {"id": "544955561", "price": 0.4142, "amount": 13449.0, "side": "sell", "timestamp": 1764999134070}, {"id": "544955562", "price": 0.4141, "amount": 1.0, "side": "sell", "timestamp": 1764999134398}, {"id": "544955563", "price": 0.4141, "amount": 8.0, "side": "sell", "timestamp": 1764999134669}, {"id": "544955564", "price": 0.4141, "amount": 23.0, "side": "sell", "timestamp": 1764999135037}, {"id": "544955565", "price": 0.4141, "amount": 7.0, "side": "sell", "timestamp": 1764999137069}, {"id": "544955566", "price": 0.4141, "amount": 24213.0, "side": "sell", "timestamp": 1764999137416}, {"id": "544955567", "price": 0.4141, "amount": 22.0, "side": "sell", "timestamp": 1764999139857}, {"id": "544955568", "price": 0.4142, "amount": 130.0, "side": "buy", "timestamp": 1764999142715}, {"id": "544955569", "price": 0.4141, "amount": 29.0, "side": "sell", "timestamp": 1764999143664}, {"id": "544955570", "price": 0.4142, "amount": 2406.0, "side": "buy", "timestamp": 1764999144082}, {"id": "544955571", "price": 0.4142, "amount": 13.0, "side": "sell", "timestamp": 1764999145188}, {"id": "544955572", "price": 0.4142, "amount": 6.0, "side": "sell", "timestamp": 1764999146491}, {"id": "544955573", "price": 0.4142, "amount": 23347.0, "side": "sell", "timestamp": 1764999147839}, {"id": "544955574", "price": 0.4142, "amount": 8.0, "side": "sell", "timestamp": 1764999148304}, {"id": "544955575", "price": 0.4142, "amount": 154.0, "side": "sell", "timestamp": 1764999150682}, {"id": "544955576", "price": 0.4142, "amount": 21.0, "side": "sell", "timestamp": 1764999155010}, {"id": "544955577", "price": 0.4142, "amount": 200.0, "side": "sell", "timestamp": 1764999156756}, {"id": "544955578", "price": 0.4143, "amount": 5833.0, "side": "buy", "timestamp": 1764999157329}, {"id": "544955579", "price": 0.4142, "amount": 19.0, "side": "sell", "timestamp": 1764999159763}, {"id": "544955580", "price": 0.4142, "amount": 154.0, "side": "sell", "timestamp": 1764999160481}, {"id": "544955581", "price": 0.4142, "amount": 16.0, "side": "sell", "timestamp": 1764999161167}, {"id": "544955582", "price": 0.4142, "amount": 3163.0, "side": "sell", "timestamp": 1764999164384}, {"id": "544955583", "price": 0.4142, "amount": 22.0, "side": "sell", "timestamp": 1764999164749}, {"id": "544955584", "price": 0.4143, "amount": 126.0, "side": "buy", "timestamp": 1764999165288}, {"id": "544955585", "price": 0.4142, "amount": 15408.0, "side": "sell", "timestamp": 1764999166712}, {"id": "544955588", "price": 0.4142, "amount": 7.0, "side": "sell", "timestamp": 1764999170711}, {"id": "544955589", "price": 0.4142, "amount": 6.0, "side": "sell", "timestamp": 1764999171394}, {"id": "544955590", "price": 0.4142, "amount": 4.0, "side": "sell", "timestamp": 1764999171874}, {"id": "544955591", "price": 0.4142, "amount": 6901.0, "side": "sell", "timestamp": 1764999173254}, {"id": "544955592", "price": 0.4141, "amount": 26.0, "side": "sell", "timestamp": 1764999173627}, {"id": "544955593", "price": 0.4141, "amount": 8.0, "side": "sell", "timestamp": 1764999173876}, {"id": "544955594", "price": 0.4141, "amount": 3288.0, "side": "sell", "timestamp": 1764999174126}, {"id": "544955595", "price": 0.4141, "amount": 89.0, "side": "sell", "timestamp": 1764999175779}, {"id": "544955596", "price": 0.4141, "amount": 10.0, "side": "sell", "timestamp": 1764999176088}, {"id": "544955597", "price": 0.4141, "amount": 4473.0, "side": "sell", "timestamp": 1764999177040}, {"id": "544955598", "price": 0.414, "amount": 5714.0, "side": "sell", "timestamp": 1764999177058}, {"id": "544955599", "price": 0.4141, "amount": 13.0, "side": "buy", "timestamp": 1764999177569}, {"id": "544955600", "price": 0.4141, "amount": 8.0, "side": "buy", "timestamp": 1764999178930}, {"id": "544955601", "price": 0.414, "amount": 29.0, "side": "sell", "timestamp": 1764999179663}, {"id": "544955602", "price": 0.414, "amount": 3.0, "side": "sell", "timestamp": 1764999180635}, {"id": "544955603", "price": 0.414, "amount": 15.0, "side": "sell", "timestamp": 1764999180927}, {"id": "544955604", "price": 0.414, "amount": 4.0, "side": "sell", "timestamp": 1764999183736}, {"id": "544955605", "price": 0.4141, "amount": 14.0, "side": "buy", "timestamp": 1764999184451}, {"id": "544955606", "price": 0.4141, "amount": 13.0, "side": "buy", "timestamp": 1764999185643}, {"id": "544955607", "price": 0.414, "amount": 2500.0, "side": "sell", "timestamp": 1764999188877}, {"id": "544955608", "price": 0.414, "amount": 16.0, "side": "sell", "timestamp": 1764999189706}, {"id": "544955609", "price": 0.414, "amount": 44.0, "side": "sell", "timestamp": 1764999189909}, {"id": "544955610", "price": 0.414, "amount": 5.0, "side": "sell", "timestamp": 1764999190368}, {"id": "544955611", "price": 0.414, "amount": 7.0, "side": "sell", "timestamp": 1764999192810}, {"id": "544955612", "price": 0.414, "amount": 22.0, "side": "sell", "timestamp": 1764999195055}, {"id": "544955613", "price": 0.414, "amount": 37.0, "side": "sell", "timestamp": 1764999195231}, {"id": "544955614", "price": 0.414, "amount": 7.0, "side": "sell", "timestamp": 1764999196204}, {"id": "544955615", "price": 0.414, "amount": 35811.0, "side": "sell", "timestamp": 1764999196312}, {"id": "544955616", "price": 0.4139, "amount": 2713.0, "side": "sell", "timestamp": 1764999196322}, {"id": "544955617", "price": 0.4139, "amount": 9.0, "side": "sell", "timestamp": 1764999199403}, {"id": "544955618", "price": 0.4139, "amount": 7.0, "side": "sell", "timestamp": 1764999199527}, {"id": "544955619", "price": 0.4139, "amount": 20.0, "side": "sell", "timestamp": 1764999199704}, {"id": "544955620", "price": 0.414, "amount": 6102.0, "side": "buy", "timestamp": 1764999199764}, {"id": "544955621", "price": 0.4139, "amount": 22.0, "side": "sell", "timestamp": 1764999199773}, {"id": "544955622", "price": 0.4139, "amount": 1641.0, "side": "sell", "timestamp": 1764999200044}, {"id": "544955623", "price": 0.4139, "amount": 2500.0, "side": "sell", "timestamp": 1764999202168}, {"id": "544955624", "price": 0.4139, "amount": 21.0, "side": "sell", "timestamp": 1764999204818}, {"id": "544955625", "price": 0.4139, "amount": 3.0, "side": "sell", "timestamp": 1764999205952}, {"id": "544955626", "price": 0.4139, "amount": 15.0, "side": "sell", "timestamp": 1764999206490}, {"id": "544955627", "price": 0.4139, "amount": 973.0, "side": "sell", "timestamp": 1764999206716}, {"id": "544955628", "price": 0.4139, "amount": 48450.0, "side": "sell", "timestamp": 1764999208259}, {"id": "544955629", "price": 0.4138, "amount": 428.0, "side": "sell", "timestamp": 1764999208427}, {"id": "544955630", "price": 0.4139, "amount": 93.0, "side": "buy", "timestamp": 1764999208541}, {"id": "544955631", "price": 0.4138, "amount": 20.0, "side": "sell", "timestamp": 1764999209861}, {"id": "544955632", "price": 0.4138, "amount": 15.0, "side": "sell", "timestamp": 1764999210207}, {"id": "544955633", "price": 0.4138, "amount": 1.0, "side": "sell", "timestamp": 1764999211652}, {"id": "544955634", "price": 0.4138, "amount": 28.0, "side": "sell", "timestamp": 1764999214901}, {"id": "544955635", "price": 0.4138, "amount": 29.0, "side": "sell", "timestamp": 1764999215670}, {"id": "544955636", "price": 0.4138, "amount": 20.0, "side": "sell", "timestamp": 1764999217139}, {"id": "544955637", "price": 0.4138, "amount": 4.0, "side": "sell", "timestamp": 1764999217699}, {"id": "544955648", "price": 0.4138, "amount": 4.0, "side": "sell", "timestamp": 1764999233313}, {"id": "544955649", "price": 0.4138, "amount": 8.0, "side": "sell", "timestamp": 1764999234505}, {"id": "544955650", "price": 0.4139, "amount": 18.0, "side": "buy", "timestamp": 1764999234874}, {"id": "544955651", "price": 0.4138, "amount": 10.0, "side": "sell", "timestamp": 1764999236877}, {"id": "544955652", "price": 0.4138, "amount": 5.0, "side": "sell", "timestamp": 1764999237776}, {"id": "544955653", "price": 0.4138, "amount": 5.0, "side": "sell", "timestamp": 1764999240174}, {"id": "544955654", "price": 0.4138, "amount": 2.0, "side": "sell", "timestamp": 1764999241423}, {"id": "544955655", "price": 0.4139, "amount": 133.0, "side": "buy", "timestamp": 1764999243644}, {"id": "544955656", "price": 0.4138, "amount": 7.0, "side": "sell", "timestamp": 1764999243705}, {"id": "544955657", "price": 0.4138, "amount": 27.0, "side": "sell", "timestamp": 1764999244510}, {"id": "544955658", "price": 0.4139, "amount": 94.0, "side": "buy", "timestamp": 1764999244634}, {"id": "544955659", "price": 0.4138, "amount": 18512.0, "side": "sell", "timestamp": 1764999245032}, {"id": "544955660", "price": 0.4139, "amount": 24.0, "side": "buy", "timestamp": 1764999245155}, {"id": "544955661", "price": 0.4138, "amount": 2535.0, "side": "sell", "timestamp": 1764999245755}, {"id": "544955662", "price": 0.4138, "amount": 18559.0, "side": "sell", "timestamp": 1764999247048}, {"id": "544955663", "price": 0.4138, "amount": 93.0, "side": "buy", "timestamp": 1764999247390}, {"id": "544955664", "price": 0.4137, "amount": 26.0, "side": "sell", "timestamp": 1764999249731}, {"id": "544955665", "price": 0.4137, "amount": 36.0, "side": "sell", "timestamp": 1764999249953}, {"id": "544955666", "price": 0.4137, "amount": 20.0, "side": "sell", "timestamp": 1764999250095}, {"id": "544955667", "price": 0.4137, "amount": 29.0, "side": "sell", "timestamp": 1764999251667}, {"id": "544955668", "price": 0.4138, "amount": 93.0, "side": "buy", "timestamp": 1764999251877}, {"id": "544955669", "price": 0.4137, "amount": 5032.0, "side": "sell", "timestamp": 1764999252265}, {"id": "544955670", "price": 0.4137, "amount": 10181.0, "side": "sell", "timestamp": 1764999252382}, {"id": "544955671", "price": 0.4136, "amount": 1090.0, "side": "sell", "timestamp": 1764999254855}, {"id": "544955672", "price": 0.4137, "amount": 59.0, "side": "buy", "timestamp": 1764999255237}, {"id": "544955673", "price": 0.4136, "amount": 17.0, "side": "sell", "timestamp": 1764999255343}, {"id": "544955674", "price": 0.4136, "amount": 36.0, "side": "sell", "timestamp": 1764999256033}, {"id": "544955675", "price": 0.4136, "amount": 3213.0, "side": "sell", "timestamp": 1764999256197}, {"id": "544955676", "price": 0.4136, "amount": 30.0, "side": "sell", "timestamp": 1764999256930}, {"id": "544955677", "price": 0.4136, "amount": 21791.0, "side": "sell", "timestamp": 1764999257039}, {"id": "544955678", "price": 0.4136, "amount": 93.0, "side": "buy", "timestamp": 1764999257082}, {"id": "544955679", "price": 0.4136, "amount": 1570.0, "side": "buy", "timestamp": 1764999259112}, {"id": "544955680", "price": 0.4136, "amount": 21.0, "side": "buy", "timestamp": 1764999259716}, {"id": "544955681", "price": 0.4135, "amount": 8618.0, "side": "sell", "timestamp": 1764999259830}, {"id": "544955682", "price": 0.4134, "amount": 14323.0, "side": "sell", "timestamp": 1764999259834}, {"id": "544955683", "price": 0.4134, "amount": 2629.0, "side": "sell", "timestamp": 1764999259993}, {"id": "544955684", "price": 0.4135, "amount": 285.0, "side": "buy", "timestamp": 1764999260547}, {"id": "544955685", "price": 0.4134, "amount": 2298.0, "side": "sell", "timestamp": 1764999260559}, {"id": "544955686", "price": 0.4135, "amount": 4100.0, "side": "buy", "timestamp": 1764999262192}, {"id": "544955687", "price": 0.4134, "amount": 4314.0, "side": "sell", "timestamp": 1764999264646}, {"id": "544955688", "price": 0.4134, "amount": 23.0, "side": "sell", "timestamp": 1764999264897}, {"id": "544955689", "price": 0.4134, "amount": 7215.0, "side": "sell", "timestamp": 1764999266032}, {"id": "544955690", "price": 0.4134, "amount": 107.0, "side": "sell", "timestamp": 1764999266732}, {"id": "544955691", "price": 0.4134, "amount": 8.0, "side": "sell", "timestamp": 1764999267133}, {"id": "544955692", "price": 0.4135, "amount": 257.0, "side": "buy", "timestamp": 1764999267820}, {"id": "544955693", "price": 0.4134, "amount": 10624.0, "side": "sell", "timestamp": 1764999267939}, {"id": "544955694", "price": 0.4133, "amount": 29376.0, "side": "sell", "timestamp": 1764999267939}, {"id": "544955695", "price": 0.4133, "amount": 4.0, "side": "sell", "timestamp": 1764999268298}, {"id": "544955696", "price": 0.4133, "amount": 5233.0, "side": "sell", "timestamp": 1764999269640}, {"id": "544955697", "price": 0.4133, "amount": 39.0, "side": "sell", "timestamp": 1764999269952}, {"id": "544955693", "price": 0.4134, "amount": 10624.0, "side": "sell", "timestamp": 1764999267939}, {"id": "544955694", "price": 0.4133, "amount": 29376.0, "side": "sell", "timestamp": 1764999267939}, {"id": "544955695", "price": 0.4133, "amount": 4.0, "side": "sell", "timestamp": 1764999268298}, {"id": "544955696", "price": 0.4133, "amount": 5233.0, "side": "sell", "timestamp": 1764999269640}, {"id": "544955697", "price": 0.4133, "amount": 39.0, "side": "sell", "timestamp": 1764999269952}, {"id": "544955698", "price": 0.4133, "amount": 6.0, "side": "sell", "timestamp": 1764999270246}, {"id": "544955699", "price": 0.4133, "amount": 7.0, "side": "sell", "timestamp": 1764999272587}, {"id": "544955700", "price": 0.4134, "amount": 13053.0, "side": "buy", "timestamp": 1764999273291}, {"id": "544955701", "price": 0.4135, "amount": 3827.0, "side": "buy", "timestamp": 1764999274637}, {"id": "544955702", "price": 0.4135, "amount": 9.0, "side": "sell", "timestamp": 1764999275810}, {"id": "544955703", "price": 0.4135, "amount": 240.0, "side": "sell", "timestamp": 1764999276288}, {"id": "544955704", "price": 0.4136, "amount": 4952.0, "side": "buy", "timestamp": 1764999280878}, {"id": "544955705", "price": 0.4135, "amount": 15.0, "side": "sell", "timestamp": 1764999282803}, {"id": "544955706", "price": 0.4135, "amount": 23.0, "side": "sell", "timestamp": 1764999284751}, {"id": "544955707", "price": 0.4136, "amount": 12089.0, "side": "buy", "timestamp": 1764999286195}, {"id": "544955708", "price": 0.4135, "amount": 29.0, "side": "sell", "timestamp": 1764999287665}, {"id": "544955709", "price": 0.4135, "amount": 24.0, "side": "sell", "timestamp": 1764999289309}, {"id": "544955710", "price": 0.4135, "amount": 26.0, "side": "sell", "timestamp": 1764999289746}, {"id": "544955711", "price": 0.4135, "amount": 1098.0, "side": "sell", "timestamp": 1764999290382}, {"id": "544955712", "price": 0.4135, "amount": 3017.0, "side": "sell", "timestamp": 1764999291807}, {"id": "544955713", "price": 0.4135, "amount": 3.0, "side": "sell", "timestamp": 1764999292431}, {"id": "544955714", "price": 0.4135, "amount": 5.0, "side": "sell", "timestamp": 1764999292951}, {"id": "544955715", "price": 0.4135, "amount": 102.0, "side": "sell", "timestamp": 1764999293760}, {"id": "544955716", "price": 0.4135, "amount": 4.0, "side": "sell", "timestamp": 1764999295052}, {"id": "544955717", "price": 0.4135, "amount": 10812.0, "side": "sell", "timestamp": 1764999295247}, {"id": "544955718", "price": 0.4136, "amount": 14891.0, "side": "buy", "timestamp": 1764999296709}, {"id": "544955719", "price": 0.4136, "amount": 2024.0, "side": "sell", "timestamp": 1764999296738}, {"id": "544955720", "price": 0.4136, "amount": 4.0, "side": "sell", "timestamp": 1764999297531}, {"id": "544955721", "price": 0.4136, "amount": 15.0, "side": "sell", "timestamp": 1764999297805}, {"id": "544955722", "price": 0.4136, "amount": 7.0, "side": "sell", "timestamp": 1764999298119}, {"id": "544955723", "price": 0.4136, "amount": 7.0, "side": "sell", "timestamp": 1764999301421}, {"id": "544955724", "price": 0.4136, "amount": 2.0, "side": "sell", "timestamp": 1764999301985}, {"id": "544955725", "price": 0.4136, "amount": 67.0, "side": "sell", "timestamp": 1764999302108}, {"id": "544955726", "price": 0.4136, "amount": 1487.0, "side": "sell", "timestamp": 1764999303587}, {"id": "544955727", "price": 0.4136, "amount": 50.0, "side": "buy", "timestamp": 1764999304401}, {"id": "544955728", "price": 0.4136, "amount": 13.0, "side": "buy", "timestamp": 1764999304647}, {"id": "544955729", "price": 0.4136, "amount": 15.0, "side": "buy", "timestamp": 1764999305310}, {"id": "544955730", "price": 0.4135, "amount": 6.0, "side": "sell", "timestamp": 1764999305345}, {"id": "544955731", "price": 0.4136, "amount": 31.0, "side": "buy", "timestamp": 1764999305410}, {"id": "544955732", "price": 0.4135, "amount": 13.0, "side": "sell", "timestamp": 1764999309357}, {"id": "544955733", "price": 0.4135, "amount": 53.0, "side": "sell", "timestamp": 1764999309759}, {"id": "544955734", "price": 0.4135, "amount": 22.0, "side": "sell", "timestamp": 1764999310089}, {"id": "544955735", "price": 0.4135, "amount": 5.0, "side": "sell", "timestamp": 1764999312086}, {"id": "544955736", "price": 0.4136, "amount": 5937.0, "side": "buy", "timestamp": 1764999312642}, {"id": "544955737", "price": 0.4136, "amount": 38.0, "side": "sell", "timestamp": 1764999313043}, {"id": "544955738", "price": 0.4136, "amount": 5.0, "side": "sell", "timestamp": 1764999314412}, {"id": "544955739", "price": 0.4136, "amount": 8.0, "side": "sell", "timestamp": 1764999316583}, {"id": "544955740", "price": 0.4136, "amount": 1.0, "side": "sell", "timestamp": 1764999318505}, {"id": "544955741", "price": 0.4137, "amount": 179.0, "side": "buy", "timestamp": 1764999321183}, {"id": "544955742", "price": 0.4136, "amount": 5.0, "side": "sell", "timestamp": 1764999321230}, {"id": "544955747", "price": 0.4137, "amount": 14952.0, "side": "buy", "timestamp": 1764999324470}, {"id": "544955748", "price": 0.4136, "amount": 23.0, "side": "sell", "timestamp": 1764999325002}, {"id": "544955749", "price": 0.4137, "amount": 241.0, "side": "buy", "timestamp": 1764999325986}, {"id": "544955750", "price": 0.4136, "amount": 6555.0, "side": "sell", "timestamp": 1764999326046}, {"id": "544955751", "price": 0.4136, "amount": 2.0, "side": "sell", "timestamp": 1764999326455}, {"id": "544955752", "price": 0.4136, "amount": 1.0, "side": "sell", "timestamp": 1764999327508}, {"id": "544955753", "price": 0.4136, "amount": 24.0, "side": "sell", "timestamp": 1764999329730}, {"id": "544955754", "price": 0.4136, "amount": 2.0, "side": "sell", "timestamp": 1764999329856}, {"id": "544955755", "price": 0.4137, "amount": 2097.0, "side": "buy", "timestamp": 1764999330265}, {"id": "544955756", "price": 0.4137, "amount": 25062.0, "side": "buy", "timestamp": 1764999330862}, {"id": "544955757", "price": 0.4138, "amount": 1060.0, "side": "buy", "timestamp": 1764999330888}, {"id": "544955758", "price": 0.4138, "amount": 344.0, "side": "buy", "timestamp": 1764999333031}, {"id": "544955759", "price": 0.4137, "amount": 2.0, "side": "sell", "timestamp": 1764999333345}, {"id": "544955760", "price": 0.4138, "amount": 5091.0, "side": "buy", "timestamp": 1764999333604}, {"id": "544955761", "price": 0.4138, "amount": 14.0, "side": "sell", "timestamp": 1764999334902}, {"id": "544955762", "price": 0.4138, "amount": 6.0, "side": "sell", "timestamp": 1764999336485}, {"id": "544955763", "price": 0.4138, "amount": 6.0, "side": "sell", "timestamp": 1764999339668}, {"id": "544955764", "price": 0.4139, "amount": 179.0, "side": "buy", "timestamp": 1764999340253}, {"id": "544955765", "price": 0.4138, "amount": 8.0, "side": "sell", "timestamp": 1764999343377}, {"id": "544955766", "price": 0.4138, "amount": 24.0, "side": "sell", "timestamp": 1764999344692}, {"id": "544955767", "price": 0.4139, "amount": 2797.0, "side": "buy", "timestamp": 1764999345900}, {"id": "544955768", "price": 0.4138, "amount": 886.0, "side": "sell", "timestamp": 1764999346689}, {"id": "544955769", "price": 0.4138, "amount": 7.0, "side": "sell", "timestamp": 1764999349425}, {"id": "544955770", "price": 0.4138, "amount": 7.0, "side": "sell", "timestamp": 1764999349670}, {"id": "544955771", "price": 0.4138, "amount": 23.0, "side": "sell", "timestamp": 1764999349925}, {"id": "544955772", "price": 0.4138, "amount": 1.0, "side": "sell", "timestamp": 1764999350711}, {"id": "544955773", "price": 0.4139, "amount": 178.0, "side": "buy", "timestamp": 1764999350794}, {"id": "544955774", "price": 0.4138, "amount": 8.0, "side": "sell", "timestamp": 1764999352300}, {"id": "544955775", "price": 0.4139, "amount": 28.0, "side": "buy", "timestamp": 1764999352930}, {"id": "544955776", "price": 0.4139, "amount": 14.0, "side": "buy", "timestamp": 1764999353967}, {"id": "544955777", "price": 0.4138, "amount": 3.0, "side": "sell", "timestamp": 1764999354011}, {"id": "544955778", "price": 0.4138, "amount": 70.0, "side": "sell", "timestamp": 1764999354704}, {"id": "544955779", "price": 0.4138, "amount": 18.0, "side": "sell", "timestamp": 1764999355277}, {"id": "544955780", "price": 0.4138, "amount": 7.0, "side": "sell", "timestamp": 1764999355604}, {"id": "544955781", "price": 0.4138, "amount": 9.0, "side": "sell", "timestamp": 1764999358096}, {"id": "544955782", "price": 0.4138, "amount": 3.0, "side": "sell", "timestamp": 1764999359392}, {"id": "544955783", "price": 0.4138, "amount": 29.0, "side": "sell", "timestamp": 1764999359667}, {"id": "544955784", "price": 0.4138, "amount": 4.0, "side": "sell", "timestamp": 1764999360795}, {"id": "544955785", "price": 0.4139, "amount": 22.0, "side": "buy", "timestamp": 1764999362049}, {"id": "544955786", "price": 0.4138, "amount": 1.0, "side": "sell", "timestamp": 1764999362624}, {"id": "544955787", "price": 0.4139, "amount": 20.0, "side": "buy", "timestamp": 1764999362852}, {"id": "544955788", "price": 0.4138, "amount": 2490.0, "side": "sell", "timestamp": 1764999363820}, {"id": "544955789", "price": 0.4139, "amount": 47.0, "side": "buy", "timestamp": 1764999365175}, {"id": "544955790", "price": 0.4138, "amount": 14.0, "side": "sell", "timestamp": 1764999366068}, {"id": "544955791", "price": 0.4139, "amount": 178.0, "side": "buy", "timestamp": 1764999367712}, {"id": "544955792", "price": 0.4138, "amount": 26.0, "side": "sell", "timestamp": 1764999368180}, {"id": "544955793", "price": 0.4138, "amount": 35.0, "side": "sell", "timestamp": 1764999369769}, {"id": "544955794", "price": 0.4138, "amount": 4.0, "side": "sell", "timestamp": 1764999370423}, {"id": "544955795", "price": 0.4138, "amount": 17644.0, "side": "sell", "timestamp": 1764999370798}, {"id": "544955796", "price": 0.4138, "amount": 142.0, "side": "sell", "timestamp": 1764999371231}, {"id": "544955793", "price": 0.4138, "amount": 35.0, "side": "sell", "timestamp": 1764999369769}, {"id": "544955794", "price": 0.4138, "amount": 4.0, "side": "sell", "timestamp": 1764999370423}, {"id": "544955795", "price": 0.4138, "amount": 17644.0, "side": "sell", "timestamp": 1764999370798}, {"id": "544955796", "price": 0.4138, "amount": 142.0, "side": "sell", "timestamp": 1764999371231}, {"id": "544955797", "price": 0.4139, "amount": 800.0, "side": "buy", "timestamp": 1764999374762}, {"id": "544955798", "price": 0.4138, "amount": 29.0, "side": "sell", "timestamp": 1764999374969}, {"id": "544955799", "price": 0.4138, "amount": 29.0, "side": "sell", "timestamp": 1764999375842}, {"id": "544955800", "price": 0.4138, "amount": 6.0, "side": "sell", "timestamp": 1764999376101}, {"id": "544955801", "price": 0.4139, "amount": 179.0, "side": "buy", "timestamp": 1764999376879}, {"id": "544955802", "price": 0.4138, "amount": 7.0, "side": "sell", "timestamp": 1764999377134}, {"id": "544955803", "price": 0.4138, "amount": 8.0, "side": "sell", "timestamp": 1764999377915}, {"id": "544955804", "price": 0.4138, "amount": 23.0, "side": "sell", "timestamp": 1764999379989}, {"id": "544955805", "price": 0.4138, "amount": 20.0, "side": "sell", "timestamp": 1764999384988}, {"id": "544955806", "price": 0.4138, "amount": 13.0, "side": "sell", "timestamp": 1764999385772}, {"id": "544955807", "price": 0.4138, "amount": 6.0, "side": "sell", "timestamp": 1764999387721}, {"id": "544955808", "price": 0.4139, "amount": 87.0, "side": "buy", "timestamp": 1764999387735}, {"id": "544955809", "price": 0.4139, "amount": 22.0, "side": "buy", "timestamp": 1764999388469}, {"id": "544955810", "price": 0.4138, "amount": 7.0, "side": "sell", "timestamp": 1764999388938}, {"id": "544955811", "price": 0.4138, "amount": 20.0, "side": "sell", "timestamp": 1764999390067}, {"id": "544955812", "price": 0.4138, "amount": 2653.0, "side": "sell", "timestamp": 1764999390889}, {"id": "544955813", "price": 0.4138, "amount": 13.0, "side": "sell", "timestamp": 1764999391942}, {"id": "544955814", "price": 0.4138, "amount": 4.0, "side": "sell", "timestamp": 1764999392517}, {"id": "544955815", "price": 0.4138, "amount": 4292.0, "side": "sell", "timestamp": 1764999394324}, {"id": "544955816", "price": 0.4138, "amount": 23.0, "side": "sell", "timestamp": 1764999395077}, {"id": "544955817", "price": 0.4139, "amount": 188.0, "side": "buy", "timestamp": 1764999395647}, {"id": "544955818", "price": 0.4138, "amount": 29.0, "side": "sell", "timestamp": 1764999395672}, {"id": "544955819", "price": 0.4139, "amount": 180.0, "side": "buy", "timestamp": 1764999395919}, {"id": "544955820", "price": 0.4138, "amount": 22.0, "side": "sell", "timestamp": 1764999400048}, {"id": "544955821", "price": 0.4138, "amount": 7.0, "side": "sell", "timestamp": 1764999400499}, {"id": "544955822", "price": 0.4138, "amount": 99.0, "side": "sell", "timestamp": 1764999401653}, {"id": "544955823", "price": 0.4138, "amount": 6.0, "side": "sell", "timestamp": 1764999402505}, {"id": "544955824", "price": 0.4139, "amount": 39.0, "side": "buy", "timestamp": 1764999402872}, {"id": "544955825", "price": 0.4138, "amount": 8.0, "side": "sell", "timestamp": 1764999403440}, {"id": "544955826", "price": 0.4138, "amount": 21.0, "side": "sell", "timestamp": 1764999404767}, {"id": "544955827", "price": 0.4138, "amount": 19.0, "side": "sell", "timestamp": 1764999409930}, {"id": "544955828", "price": 0.4138, "amount": 30.0, "side": "sell", "timestamp": 1764999410356}, {"id": "544955829", "price": 0.4138, "amount": 257.0, "side": "sell", "timestamp": 1764999410659}, {"id": "544955830", "price": 0.4138, "amount": 14.0, "side": "sell", "timestamp": 1764999411355}, {"id": "544955831", "price": 0.4139, "amount": 180.0, "side": "buy", "timestamp": 1764999413010}, {"id": "544955832", "price": 0.4138, "amount": 3.0, "side": "sell", "timestamp": 1764999413020}, {"id": "544955833", "price": 0.4138, "amount": 5.0, "side": "sell", "timestamp": 1764999414514}, {"id": "544955834", "price": 0.4138, "amount": 7.0, "side": "sell", "timestamp": 1764999416180}, {"id": "544955835", "price": 0.4138, "amount": 9.0, "side": "sell", "timestamp": 1764999418682}, {"id": "544955836", "price": 0.4138, "amount": 2.0, "side": "sell", "timestamp": 1764999423174}, {"id": "544955837", "price": 0.4139, "amount": 16.0, "side": "buy", "timestamp": 1764999424423}, {"id": "544955838", "price": 0.4139, "amount": 14.0, "side": "buy", "timestamp": 1764999424626}, {"id": "544955839", "price": 0.4139, "amount": 17.0, "side": "buy", "timestamp": 1764999424938}, {"id": "544955840", "price": 0.4139, "amount": 18.0, "side": "buy", "timestamp": 1764999425049}, {"id": "544955841", "price": 0.4139, "amount": 22.0, "side": "buy", "timestamp": 1764999425183}, {"id": "544955842", "price": 0.4139, "amount": 24.0, "side": "buy", "timestamp": 1764999425662}, {"id": "544955848", "price": 0.4139, "amount": 11118.0, "side": "buy", "timestamp": 1764999430541}, {"id": "544955849", "price": 0.4139, "amount": 61898.0, "side": "buy", "timestamp": 1764999430662}, {"id": "544955850", "price": 0.414, "amount": 4760.0, "side": "buy", "timestamp": 1764999430664}, {"id": "544955851", "price": 0.4139, "amount": 964.0, "side": "sell", "timestamp": 1764999431577}, {"id": "544955852", "price": 0.414, "amount": 72.0, "side": "buy", "timestamp": 1764999432178}, {"id": "544955853", "price": 0.414, "amount": 179.0, "side": "buy", "timestamp": 1764999432475}, {"id": "544955854", "price": 0.4139, "amount": 26.0, "side": "sell", "timestamp": 1764999432642}, {"id": "544955855", "price": 0.4139, "amount": 4.0, "side": "sell", "timestamp": 1764999433624}, {"id": "544955856", "price": 0.414, "amount": 144.0, "side": "buy", "timestamp": 1764999434492}, {"id": "544955857", "price": 0.4139, "amount": 7.0, "side": "sell", "timestamp": 1764999434505}, {"id": "544955858", "price": 0.4139, "amount": 6.0, "side": "sell", "timestamp": 1764999435973}, {"id": "544955859", "price": 0.4139, "amount": 14.0, "side": "sell", "timestamp": 1764999436896}, {"id": "544955860", "price": 0.414, "amount": 16.0, "side": "buy", "timestamp": 1764999436930}, {"id": "544955861", "price": 0.4139, "amount": 7.0, "side": "sell", "timestamp": 1764999437678}, {"id": "544955862", "price": 0.4139, "amount": 6.0, "side": "sell", "timestamp": 1764999442836}, {"id": "544955863", "price": 0.4139, "amount": 144.0, "side": "sell", "timestamp": 1764999443548}, {"id": "544955864", "price": 0.414, "amount": 1385.0, "side": "buy", "timestamp": 1764999443724}, {"id": "544955865", "price": 0.4139, "amount": 23.0, "side": "sell", "timestamp": 1764999444801}, {"id": "544955866", "price": 0.4139, "amount": 104.0, "side": "sell", "timestamp": 1764999446747}, {"id": "544955867", "price": 0.4139, "amount": 2.0, "side": "sell", "timestamp": 1764999447052}, {"id": "544955868", "price": 0.4139, "amount": 2.0, "side": "sell", "timestamp": 1764999448991}, {"id": "544955869", "price": 0.4139, "amount": 19.0, "side": "sell", "timestamp": 1764999449690}, {"id": "544955870", "price": 0.4139, "amount": 24.0, "side": "sell", "timestamp": 1764999450007}, {"id": "544955871", "price": 0.4139, "amount": 19.0, "side": "sell", "timestamp": 1764999451448}, {"id": "544955872", "price": 0.4139, "amount": 1.0, "side": "sell", "timestamp": 1764999453916}, {"id": "544955873", "price": 0.4139, "amount": 4.0, "side": "sell", "timestamp": 1764999454110}, {"id": "544955874", "price": 0.4139, "amount": 198.0, "side": "sell", "timestamp": 1764999454251}, {"id": "544955875", "price": 0.4139, "amount": 21.0, "side": "sell", "timestamp": 1764999454868}, {"id": "544955876", "price": 0.4139, "amount": 6.0, "side": "sell", "timestamp": 1764999455100}, {"id": "544955877", "price": 0.4139, "amount": 5.0, "side": "sell", "timestamp": 1764999458012}, {"id": "544955878", "price": 0.414, "amount": 178.0, "side": "buy", "timestamp": 1764999458396}, {"id": "544955879", "price": 0.4139, "amount": 21.0, "side": "sell", "timestamp": 1764999459783}, {"id": "544955880", "price": 0.4139, "amount": 4.0, "side": "sell", "timestamp": 1764999461383}, {"id": "544955881", "price": 0.4139, "amount": 22.0, "side": "sell", "timestamp": 1764999463336}, {"id": "544955882", "price": 0.4139, "amount": 20.0, "side": "sell", "timestamp": 1764999465026}, {"id": "544955883", "price": 0.4139, "amount": 231.0, "side": "sell", "timestamp": 1764999465319}, {"id": "544955884", "price": 0.4139, "amount": 2.0, "side": "sell", "timestamp": 1764999466196}, {"id": "544955885", "price": 0.4139, "amount": 163.0, "side": "sell", "timestamp": 1764999466937}, {"id": "544955886", "price": 0.4139, "amount": 29.0, "side": "sell", "timestamp": 1764999467665}, {"id": "544955887", "price": 0.4139, "amount": 17.0, "side": "sell", "timestamp": 1764999467964}, {"id": "544955888", "price": 0.4139, "amount": 24.0, "side": "sell", "timestamp": 1764999470063}, {"id": "544955889", "price": 0.4139, "amount": 1.0, "side": "sell", "timestamp": 1764999472347}, {"id": "544955890", "price": 0.414, "amount": 178.0, "side": "buy", "timestamp": 1764999472799}, {"id": "544955891", "price": 0.414, "amount": 67.0, "side": "buy", "timestamp": 1764999473755}, {"id": "544955892", "price": 0.4139, "amount": 4.0, "side": "sell", "timestamp": 1764999474628}, {"id": "544955893", "price": 0.414, "amount": 21962.0, "side": "buy", "timestamp": 1764999474845}, {"id": "544955894", "price": 0.4139, "amount": 86.0, "side": "sell", "timestamp": 1764999475347}, {"id": "544955895", "price": 0.4139, "amount": 7.0, "side": "sell", "timestamp": 1764999476750}, {"id": "544955896", "price": 0.414, "amount": 7396.0, "side": "buy", "timestamp": 1764999476844}, {"id": "544955897", "price": 0.4139, "amount": 7.0, "side": "sell", "timestamp": 1764999477061}, {"id": "544955927", "price": 0.4143, "amount": 178.0, "side": "buy", "timestamp": 1764999497720}, {"id": "544955928", "price": 0.4142, "amount": 4.0, "side": "sell", "timestamp": 1764999498354}, {"id": "544955929", "price": 0.4143, "amount": 2.0, "side": "buy", "timestamp": 1764999498381}, {"id": "544955930", "price": 0.4143, "amount": 2.0, "side": "buy", "timestamp": 1764999499437}, {"id": "544955931", "price": 0.4143, "amount": 3.0, "side": "buy", "timestamp": 1764999499869}, {"id": "544955932", "price": 0.4143, "amount": 3.0, "side": "buy", "timestamp": 1764999500417}, {"id": "544955933", "price": 0.4143, "amount": 179.0, "side": "buy", "timestamp": 1764999500905}, {"id": "544955934", "price": 0.4143, "amount": 2.0, "side": "buy", "timestamp": 1764999501843}, {"id": "544955935", "price": 0.4143, "amount": 2.0, "side": "buy", "timestamp": 1764999502846}, {"id": "544955936", "price": 0.4142, "amount": 29.0, "side": "sell", "timestamp": 1764999503663}, {"id": "544955937", "price": 0.4143, "amount": 2.0, "side": "buy", "timestamp": 1764999503971}, {"id": "544955938", "price": 0.4142, "amount": 520.0, "side": "sell", "timestamp": 1764999504250}, {"id": "544955939", "price": 0.4143, "amount": 4.0, "side": "buy", "timestamp": 1764999505032}, {"id": "544955940", "price": 0.4142, "amount": 8.0, "side": "sell", "timestamp": 1764999505356}, {"id": "544955941", "price": 0.4143, "amount": 4.0, "side": "buy", "timestamp": 1764999506159}, {"id": "544955942", "price": 0.4143, "amount": 3.0, "side": "buy", "timestamp": 1764999507632}, {"id": "544955943", "price": 0.4142, "amount": 15.0, "side": "sell", "timestamp": 1764999508320}, {"id": "544955944", "price": 0.4143, "amount": 6.0, "side": "buy", "timestamp": 1764999508771}, {"id": "544955945", "price": 0.4143, "amount": 6.0, "side": "buy", "timestamp": 1764999509804}, {"id": "544955946", "price": 0.4142, "amount": 23.0, "side": "sell", "timestamp": 1764999509951}, {"id": "544955947", "price": 0.4143, "amount": 3.0, "side": "buy", "timestamp": 1764999510835}, {"id": "544955948", "price": 0.4143, "amount": 7.0, "side": "buy", "timestamp": 1764999511818}, {"id": "544955949", "price": 0.4142, "amount": 53.0, "side": "sell", "timestamp": 1764999512099}, {"id": "544955950", "price": 0.4143, "amount": 6.0, "side": "buy", "timestamp": 1764999512873}, {"id": "544955951", "price": 0.4142, "amount": 14.0, "side": "sell", "timestamp": 1764999513229}, {"id": "544955952", "price": 0.4143, "amount": 3.0, "side": "buy", "timestamp": 1764999513981}, {"id": "544955953", "price": 0.4142, "amount": 23.0, "side": "sell", "timestamp": 1764999515071}, {"id": "544955954", "price": 0.4143, "amount": 6.0, "side": "buy", "timestamp": 1764999515177}, {"id": "544955955", "price": 0.4143, "amount": 14.0, "side": "buy", "timestamp": 1764999515450}, {"id": "544955956", "price": 0.4142, "amount": 4.0, "side": "sell", "timestamp": 1764999515694}, {"id": "544955957", "price": 0.4143, "amount": 6.0, "side": "buy", "timestamp": 1764999516356}, {"id": "544955958", "price": 0.4142, "amount": 600.0, "side": "sell", "timestamp": 1764999516987}, {"id": "544955959", "price": 0.4143, "amount": 8.0, "side": "buy", "timestamp": 1764999517807}, {"id": "544955960", "price": 0.4143, "amount": 4.0, "side": "buy", "timestamp": 1764999518807}, {"id": "544955961", "price": 0.4143, "amount": 179.0, "side": "buy", "timestamp": 1764999518976}, {"id": "544955962", "price": 0.4143, "amount": 9.0, "side": "buy", "timestamp": 1764999519974}, {"id": "544955963", "price": 0.4142, "amount": 23.0, "side": "sell", "timestamp": 1764999520023}, {"id": "544955964", "price": 0.4143, "amount": 6.0, "side": "buy", "timestamp": 1764999520901}, {"id": "544955965", "price": 0.4143, "amount": 10.0, "side": "buy", "timestamp": 1764999521996}, {"id": "544955966", "price": 0.4143, "amount": 9.0, "side": "buy", "timestamp": 1764999523261}, {"id": "544955967", "price": 0.4143, "amount": 5.0, "side": "buy", "timestamp": 1764999524271}, {"id": "544955968", "price": 0.4142, "amount": 20.0, "side": "sell", "timestamp": 1764999524982}, {"id": "544955969", "price": 0.4143, "amount": 5.0, "side": "buy", "timestamp": 1764999525473}, {"id": "544955970", "price": 0.4142, "amount": 7.0, "side": "sell", "timestamp": 1764999525724}, {"id": "544955971", "price": 0.4143, "amount": 6.0, "side": "buy", "timestamp": 1764999526854}, {"id": "544955972", "price": 0.4143, "amount": 12.0, "side": "buy", "timestamp": 1764999527808}, {"id": "544955973", "price": 0.4142, "amount": 7.0, "side": "sell", "timestamp": 1764999528367}, {"id": "544955974", "price": 0.4143, "amount": 10.0, "side": "buy", "timestamp": 1764999528831}, {"id": "544955975", "price": 0.4142, "amount": 22.0, "side": "sell", "timestamp": 1764999530043}, {"id": "544955976", "price": 0.4143, "amount": 13.0, "side": "buy", "timestamp": 1764999530141}]