[{"id": "528227197", "price": 13.305, "amount": 1.0, "side": "buy", "timestamp": 1764998466554}, {"id": "528227198", "price": 13.304, "amount": 2.0, "side": "sell", "timestamp": 1764998468221}, {"id": "528227199", "price": 13.305, "amount": 1.0, "side": "buy", "timestamp": 1764998468323}, {"id": "528227200", "price": 13.305, "amount": 2.0, "side": "buy", "timestamp": 1764998473042}, {"id": "528227201", "price": 13.304, "amount": 784.0, "side": "sell", "timestamp": 1764998475092}, {"id": "528227202", "price": 13.303, "amount": 2.0, "side": "sell", "timestamp": 1764998475099}, {"id": "528227203", "price": 13.303, "amount": 14.0, "side": "sell", "timestamp": 1764998475314}, {"id": "528227204", "price": 13.302, "amount": 40.0, "side": "sell", "timestamp": 1764998475590}, {"id": "528227205", "price": 13.301, "amount": 53.0, "side": "sell", "timestamp": 1764998475590}, {"id": "528227206", "price": 13.301, "amount": 1.0, "side": "buy", "timestamp": 1764998476881}, {"id": "528227207", "price": 13.3, "amount": 202.0, "side": "sell", "timestamp": 1764998477108}, {"id": "528227208", "price": 13.299, "amount": 101.0, "side": "sell", "timestamp": 1764998480296}, {"id": "528227209", "price": 13.298, "amount": 1.0, "side": "sell", "timestamp": 1764998480801}, {"id": "528227210", "price": 13.299, "amount": 2.0, "side": "buy", "timestamp": 1764998481406}, {"id": "528227211", "price": 13.298, "amount": 144.0, "side": "sell", "timestamp": 1764998483803}, {"id": "528227212", "price": 13.297, "amount": 11.0, "side": "sell", "timestamp": 1764998483915}, {"id": "528227213", "price": 13.297, "amount": 1.0, "side": "sell", "timestamp": 1764998485751}, {"id": "528227214", "price": 13.297, "amount": 1.0, "side": "sell", "timestamp": 1764998488856}, {"id": "528227215", "price": 13.297, "amount": 1.0, "side": "sell", "timestamp": 1764998495672}, {"id": "528227216", "price": 13.298, "amount": 119.0, "side": "buy", "timestamp": 1764998504363}, {"id": "528227217", "price": 13.298, "amount": 6.0, "side": "sell", "timestamp": 1764998505732}, {"id": "528227218", "price": 13.299, "amount": 2.0, "side": "buy", "timestamp": 1764998506936}, {"id": "528227219", "price": 13.299, "amount": 1.0, "side": "buy", "timestamp": 1764998508657}, {"id": "528227220", "price": 13.298, "amount": 2.0, "side": "sell", "timestamp": 1764998509080}, {"id": "528227221", "price": 13.298, "amount": 1.0, "side": "sell", "timestamp": 1764998509692}, {"id": "528227222", "price": 13.299, "amount": 1.0, "side": "buy", "timestamp": 1764998509960}, {"id": "528227223", "price": 13.298, "amount": 2.0, "side": "sell", "timestamp": 1764998517072}, {"id": "528227224", "price": 13.298, "amount": 1.0, "side": "sell", "timestamp": 1764998517409}, {"id": "528227225", "price": 13.299, "amount": 1.0, "side": "buy", "timestamp": 1764998524203}, {"id": "528227226", "price": 13.298, "amount": 8.0, "side": "sell", "timestamp": 1764998524357}, {"id": "528227227", "price": 13.299, "amount": 1.0, "side": "buy", "timestamp": 1764998524373}, {"id": "528227228", "price": 13.299, "amount": 1.0, "side": "buy", "timestamp": 1764998525676}, {"id": "528227229", "price": 13.299, "amount": 1.0, "side": "buy", "timestamp": 1764998527925}, {"id": "528227230", "price": 13.299, "amount": 111.0, "side": "buy", "timestamp": 1764998530416}, {"id": "528227231", "price": 13.3, "amount": 1001.0, "side": "buy", "timestamp": 1764998530429}, {"id": "528227232", "price": 13.301, "amount": 159.0, "side": "buy", "timestamp": 1764998530529}, {"id": "528227233", "price": 13.3, "amount": 1.0, "side": "sell", "timestamp": 1764998531663}, {"id": "528227234", "price": 13.301, "amount": 2.0, "side": "buy", "timestamp": 1764998532543}, {"id": "528227235", "price": 13.301, "amount": 1.0, "side": "buy", "timestamp": 1764998533941}, {"id": "528227236", "price": 13.3, "amount": 1.0, "side": "sell", "timestamp": 1764998534012}, {"id": "528227237", "price": 13.3, "amount": 773.0, "side": "sell", "timestamp": 1764998536055}, {"id": "528227238", "price": 13.3, "amount": 159.0, "side": "sell", "timestamp": 1764998536388}, {"id": "528227239", "price": 13.299, "amount": 25.0, "side": "sell", "timestamp": 1764998536981}, {"id": "528227240", "price": 13.299, "amount": 18.0, "side": "buy", "timestamp": 1764998536993}, {"id": "528227241", "price": 13.298, "amount": 171.0, "side": "sell", "timestamp": 1764998537807}, {"id": "528227242", "price": 13.297, "amount": 182.0, "side": "sell", "timestamp": 1764998537821}, {"id": "528227243", "price": 13.296, "amount": 1.0, "side": "sell", "timestamp": 1764998538791}, {"id": "528227244", "price": 13.297, "amount": 1.0, "side": "buy", "timestamp": 1764998542515}, {"id": "528227245", "price": 13.296, "amount": 4.0, "side": "sell", "timestamp": 1764998545109}, {"id": "528227246", "price": 13.296, "amount": 2.0, "side": "sell", "timestamp": 1764998549194}, {"id": "528227235", "price": 13.301, "amount": 1.0, "side": "buy", "timestamp": 1764998533941}, {"id": "528227236", "price": 13.3, "amount": 1.0, "side": "sell", "timestamp": 1764998534012}, {"id": "528227237", "price": 13.3, "amount": 773.0, "side": "sell", "timestamp": 1764998536055}, {"id": "528227238", "price": 13.3, "amount": 159.0, "side": "sell", "timestamp": 1764998536388}, {"id": "528227239", "price": 13.299, "amount": 25.0, "side": "sell", "timestamp": 1764998536981}, {"id": "528227240", "price": 13.299, "amount": 18.0, "side": "buy", "timestamp": 1764998536993}, {"id": "528227241", "price": 13.298, "amount": 171.0, "side": "sell", "timestamp": 1764998537807}, {"id": "528227242", "price": 13.297, "amount": 182.0, "side": "sell", "timestamp": 1764998537821}, {"id": "528227243", "price": 13.296, "amount": 1.0, "side": "sell", "timestamp": 1764998538791}, {"id": "528227244", "price": 13.297, "amount": 1.0, "side": "buy", "timestamp": 1764998542515}, {"id": "528227245", "price": 13.296, "amount": 4.0, "side": "sell", "timestamp": 1764998545109}, {"id": "528227246", "price": 13.296, "amount": 2.0, "side": "sell", "timestamp": 1764998549194}, {"id": "528227247", "price": 13.296, "amount": 1.0, "side": "sell", "timestamp": 1764998553427}, {"id": "528227248", "price": 13.297, "amount": 9.0, "side": "buy", "timestamp": 1764998556212}, {"id": "528227249", "price": 13.297, "amount": 1.0, "side": "buy", "timestamp": 1764998556314}, {"id": "528227250", "price": 13.296, "amount": 5.0, "side": "sell", "timestamp": 1764998556438}, {"id": "528227251", "price": 13.296, "amount": 912.0, "side": "sell", "timestamp": 1764998565115}, {"id": "528227252", "price": 13.295, "amount": 287.0, "side": "sell", "timestamp": 1764998565122}, {"id": "528227253", "price": 13.294, "amount": 88.0, "side": "sell", "timestamp": 1764998565123}, {"id": "528227254", "price": 13.294, "amount": 488.0, "side": "buy", "timestamp": 1764998565315}, {"id": "528227255", "price": 13.294, "amount": 3.0, "side": "sell", "timestamp": 1764998567665}, {"id": "528227256", "price": 13.294, "amount": 256.0, "side": "sell", "timestamp": 1764998569050}, {"id": "528227257", "price": 13.294, "amount": 4.0, "side": "sell", "timestamp": 1764998569498}, {"id": "528227258", "price": 13.294, "amount": 2.0, "side": "sell", "timestamp": 1764998570285}, {"id": "528227259", "price": 13.294, "amount": 48.0, "side": "sell", "timestamp": 1764998571974}, {"id": "528227260", "price": 13.293, "amount": 255.0, "side": "sell", "timestamp": 1764998575167}, {"id": "528227261", "price": 13.292, "amount": 9.0, "side": "sell", "timestamp": 1764998575649}, {"id": "528227262", "price": 13.292, "amount": 9.0, "side": "sell", "timestamp": 1764998578999}, {"id": "528227263", "price": 13.292, "amount": 3.0, "side": "sell", "timestamp": 1764998579545}, {"id": "528227264", "price": 13.292, "amount": 7.0, "side": "sell", "timestamp": 1764998581480}, {"id": "528227265", "price": 13.292, "amount": 6.0, "side": "buy", "timestamp": 1764998582053}, {"id": "528227266", "price": 13.292, "amount": 1.0, "side": "buy", "timestamp": 1764998584380}, {"id": "528227267", "price": 13.292, "amount": 1.0, "side": "buy", "timestamp": 1764998584730}, {"id": "528227268", "price": 13.292, "amount": 2.0, "side": "buy", "timestamp": 1764998585156}, {"id": "528227269", "price": 13.292, "amount": 1.0, "side": "buy", "timestamp": 1764998589707}, {"id": "528227270", "price": 13.292, "amount": 6.0, "side": "buy", "timestamp": 1764998589847}, {"id": "528227271", "price": 13.292, "amount": 2.0, "side": "buy", "timestamp": 1764998589994}, {"id": "528227272", "price": 13.292, "amount": 138.0, "side": "buy", "timestamp": 1764998591184}, {"id": "528227273", "price": 13.293, "amount": 481.0, "side": "buy", "timestamp": 1764998591911}, {"id": "528227274", "price": 13.293, "amount": 112.0, "side": "buy", "timestamp": 1764998593504}, {"id": "528227275", "price": 13.294, "amount": 7.0, "side": "buy", "timestamp": 1764998593579}, {"id": "528227276", "price": 13.294, "amount": 2.0, "side": "sell", "timestamp": 1764998594449}, {"id": "528227277", "price": 13.295, "amount": 1.0, "side": "buy", "timestamp": 1764998594759}, {"id": "528227278", "price": 13.295, "amount": 1.0, "side": "buy", "timestamp": 1764998595038}, {"id": "528227279", "price": 13.295, "amount": 1.0, "side": "buy", "timestamp": 1764998595642}, {"id": "528227280", "price": 13.295, "amount": 1.0, "side": "buy", "timestamp": 1764998599836}, {"id": "528227281", "price": 13.295, "amount": 1.0, "side": "buy", "timestamp": 1764998599999}, {"id": "528227282", "price": 13.294, "amount": 1.0, "side": "sell", "timestamp": 1764998601818}, {"id": "528227283", "price": 13.294, "amount": 1.0, "side": "sell", "timestamp": 1764998603466}, {"id": "528227284", "price": 13.294, "amount": 1.0, "side": "sell", "timestamp": 1764998603667}, {"id": "528227275", "price": 13.294, "amount": 7.0, "side": "buy", "timestamp": 1764998593579}, {"id": "528227276", "price": 13.294, "amount": 2.0, "side": "sell", "timestamp": 1764998594449}, {"id": "528227277", "price": 13.295, "amount": 1.0, "side": "buy", "timestamp": 1764998594759}, {"id": "528227278", "price": 13.295, "amount": 1.0, "side": "buy", "timestamp": 1764998595038}, {"id": "528227279", "price": 13.295, "amount": 1.0, "side": "buy", "timestamp": 1764998595642}, {"id": "528227280", "price": 13.295, "amount": 1.0, "side": "buy", "timestamp": 1764998599836}, {"id": "528227281", "price": 13.295, "amount": 1.0, "side": "buy", "timestamp": 1764998599999}, {"id": "528227282", "price": 13.294, "amount": 1.0, "side": "sell", "timestamp": 1764998601818}, {"id": "528227283", "price": 13.294, "amount": 1.0, "side": "sell", "timestamp": 1764998603466}, {"id": "528227284", "price": 13.294, "amount": 1.0, "side": "sell", "timestamp": 1764998603667}, {"id": "528227285", "price": 13.295, "amount": 76.0, "side": "buy", "timestamp": 1764998604021}, {"id": "528227286", "price": 13.295, "amount": 2.0, "side": "buy", "timestamp": 1764998605025}, {"id": "528227287", "price": 13.295, "amount": 2.0, "side": "buy", "timestamp": 1764998609811}, {"id": "528227288", "price": 13.295, "amount": 13.0, "side": "buy", "timestamp": 1764998610351}, {"id": "528227289", "price": 13.295, "amount": 2.0, "side": "buy", "timestamp": 1764998614718}, {"id": "528227290", "price": 13.294, "amount": 1.0, "side": "sell", "timestamp": 1764998619653}, {"id": "528227291", "price": 13.295, "amount": 1.0, "side": "buy", "timestamp": 1764998619828}, {"id": "528227292", "price": 13.295, "amount": 1.0, "side": "buy", "timestamp": 1764998619945}, {"id": "528227293", "price": 13.294, "amount": 47.0, "side": "sell", "timestamp": 1764998621207}, {"id": "528227294", "price": 13.293, "amount": 4.0, "side": "sell", "timestamp": 1764998621207}, {"id": "528227295", "price": 13.293, "amount": 9.0, "side": "sell", "timestamp": 1764998624819}, {"id": "528227296", "price": 13.293, "amount": 1.0, "side": "sell", "timestamp": 1764998625117}, {"id": "528227297", "price": 13.293, "amount": 1.0, "side": "sell", "timestamp": 1764998626211}, {"id": "528227298", "price": 13.294, "amount": 37.0, "side": "buy", "timestamp": 1764998627507}, {"id": "528227299", "price": 13.293, "amount": 3.0, "side": "sell", "timestamp": 1764998628924}, {"id": "528227300", "price": 13.294, "amount": 1.0, "side": "buy", "timestamp": 1764998632647}, {"id": "528227301", "price": 13.293, "amount": 2.0, "side": "sell", "timestamp": 1764998636686}, {"id": "528227302", "price": 13.293, "amount": 2.0, "side": "sell", "timestamp": 1764998637288}, {"id": "528227303", "price": 13.294, "amount": 4.0, "side": "buy", "timestamp": 1764998637704}, {"id": "528227304", "price": 13.293, "amount": 1.0, "side": "sell", "timestamp": 1764998639664}, {"id": "528227305", "price": 13.293, "amount": 1.0, "side": "sell", "timestamp": 1764998640352}, {"id": "528227306", "price": 13.293, "amount": 1.0, "side": "sell", "timestamp": 1764998641145}, {"id": "528227307", "price": 13.293, "amount": 2.0, "side": "sell", "timestamp": 1764998641798}, {"id": "528227308", "price": 13.293, "amount": 1.0, "side": "sell", "timestamp": 1764998642232}, {"id": "528227309", "price": 13.294, "amount": 197.0, "side": "buy", "timestamp": 1764998646679}, {"id": "528227310", "price": 13.295, "amount": 3.0, "side": "buy", "timestamp": 1764998646817}, {"id": "528227311", "price": 13.295, "amount": 1.0, "side": "sell", "timestamp": 1764998647246}, {"id": "528227312", "price": 13.296, "amount": 6.0, "side": "buy", "timestamp": 1764998648111}, {"id": "528227313", "price": 13.296, "amount": 1.0, "side": "sell", "timestamp": 1764998649003}, {"id": "528227314", "price": 13.297, "amount": 1.0, "side": "buy", "timestamp": 1764998649726}, {"id": "528227315", "price": 13.297, "amount": 4.0, "side": "buy", "timestamp": 1764998649873}, {"id": "528227316", "price": 13.297, "amount": 1.0, "side": "buy", "timestamp": 1764998650033}, {"id": "528227317", "price": 13.297, "amount": 53.0, "side": "buy", "timestamp": 1764998652417}, {"id": "528227318", "price": 13.298, "amount": 32.0, "side": "buy", "timestamp": 1764998652417}, {"id": "528227319", "price": 13.299, "amount": 2.0, "side": "buy", "timestamp": 1764998652743}, {"id": "528227320", "price": 13.299, "amount": 45.0, "side": "buy", "timestamp": 1764998653689}, {"id": "528227321", "price": 13.3, "amount": 107.0, "side": "buy", "timestamp": 1764998653690}, {"id": "528227322", "price": 13.3, "amount": 1.0, "side": "buy", "timestamp": 1764998654915}, {"id": "528227323", "price": 13.3, "amount": 1.0, "side": "buy", "timestamp": 1764998655085}, {"id": "528227324", "price": 13.3, "amount": 4.0, "side": "buy", "timestamp": 1764998655329}, {"id": "528227305", "price": 13.293, "amount": 1.0, "side": "sell", "timestamp": 1764998640352}, {"id": "528227306", "price": 13.293, "amount": 1.0, "side": "sell", "timestamp": 1764998641145}, {"id": "528227307", "price": 13.293, "amount": 2.0, "side": "sell", "timestamp": 1764998641798}, {"id": "528227308", "price": 13.293, "amount": 1.0, "side": "sell", "timestamp": 1764998642232}, {"id": "528227309", "price": 13.294, "amount": 197.0, "side": "buy", "timestamp": 1764998646679}, {"id": "528227310", "price": 13.295, "amount": 3.0, "side": "buy", "timestamp": 1764998646817}, {"id": "528227311", "price": 13.295, "amount": 1.0, "side": "sell", "timestamp": 1764998647246}, {"id": "528227312", "price": 13.296, "amount": 6.0, "side": "buy", "timestamp": 1764998648111}, {"id": "528227313", "price": 13.296, "amount": 1.0, "side": "sell", "timestamp": 1764998649003}, {"id": "528227314", "price": 13.297, "amount": 1.0, "side": "buy", "timestamp": 1764998649726}, {"id": "528227315", "price": 13.297, "amount": 4.0, "side": "buy", "timestamp": 1764998649873}, {"id": "528227316", "price": 13.297, "amount": 1.0, "side": "buy", "timestamp": 1764998650033}, {"id": "528227317", "price": 13.297, "amount": 53.0, "side": "buy", "timestamp": 1764998652417}, {"id": "528227318", "price": 13.298, "amount": 32.0, "side": "buy", "timestamp": 1764998652417}, {"id": "528227319", "price": 13.299, "amount": 2.0, "side": "buy", "timestamp": 1764998652743}, {"id": "528227320", "price": 13.299, "amount": 45.0, "side": "buy", "timestamp": 1764998653689}, {"id": "528227321", "price": 13.3, "amount": 107.0, "side": "buy", "timestamp": 1764998653690}, {"id": "528227322", "price": 13.3, "amount": 1.0, "side": "buy", "timestamp": 1764998654915}, {"id": "528227323", "price": 13.3, "amount": 1.0, "side": "buy", "timestamp": 1764998655085}, {"id": "528227324", "price": 13.3, "amount": 4.0, "side": "buy", "timestamp": 1764998655329}, {"id": "528227325", "price": 13.3, "amount": 32.0, "side": "buy", "timestamp": 1764998655782}, {"id": "528227326", "price": 13.301, "amount": 64.0, "side": "buy", "timestamp": 1764998655782}, {"id": "528227327", "price": 13.302, "amount": 1.0, "side": "buy", "timestamp": 1764998659833}, {"id": "528227328", "price": 13.302, "amount": 1.0, "side": "buy", "timestamp": 1764998660063}, {"id": "528227329", "price": 13.301, "amount": 1.0, "side": "sell", "timestamp": 1764998661283}, {"id": "528227330", "price": 13.302, "amount": 3.0, "side": "buy", "timestamp": 1764998662188}, {"id": "528227331", "price": 13.302, "amount": 1.0, "side": "buy", "timestamp": 1764998663559}, {"id": "528227332", "price": 13.301, "amount": 895.0, "side": "sell", "timestamp": 1764998664200}, {"id": "528227333", "price": 13.3, "amount": 1105.0, "side": "sell", "timestamp": 1764998664200}, {"id": "528227334", "price": 13.3, "amount": 31.0, "side": "sell", "timestamp": 1764998670095}, {"id": "528227335", "price": 13.299, "amount": 1.0, "side": "sell", "timestamp": 1764998670214}, {"id": "528227336", "price": 13.3, "amount": 25.0, "side": "buy", "timestamp": 1764998672520}, {"id": "528227337", "price": 13.299, "amount": 1.0, "side": "sell", "timestamp": 1764998675668}, {"id": "528227338", "price": 13.299, "amount": 4.0, "side": "sell", "timestamp": 1764998677015}, {"id": "528227339", "price": 13.3, "amount": 1.0, "side": "buy", "timestamp": 1764998682763}, {"id": "528227340", "price": 13.3, "amount": 7.0, "side": "buy", "timestamp": 1764998684149}, {"id": "528227341", "price": 13.301, "amount": 24.0, "side": "buy", "timestamp": 1764998685041}, {"id": "528227342", "price": 13.3, "amount": 9.0, "side": "sell", "timestamp": 1764998685866}, {"id": "528227343", "price": 13.3, "amount": 98.0, "side": "sell", "timestamp": 1764998687714}, {"id": "528227344", "price": 13.3, "amount": 19.0, "side": "sell", "timestamp": 1764998690384}, {"id": "528227345", "price": 13.3, "amount": 1.0, "side": "sell", "timestamp": 1764998699342}, {"id": "528227346", "price": 13.3, "amount": 121.0, "side": "sell", "timestamp": 1764998700900}, {"id": "528227347", "price": 13.299, "amount": 1.0, "side": "sell", "timestamp": 1764998701172}, {"id": "528227348", "price": 13.3, "amount": 30.0, "side": "buy", "timestamp": 1764998703809}, {"id": "528227349", "price": 13.3, "amount": 1.0, "side": "buy", "timestamp": 1764998705238}, {"id": "528227350", "price": 13.299, "amount": 1.0, "side": "sell", "timestamp": 1764998705359}, {"id": "528227351", "price": 13.299, "amount": 1.0, "side": "sell", "timestamp": 1764998706002}, {"id": "528227352", "price": 13.3, "amount": 50.0, "side": "buy", "timestamp": 1764998706005}, {"id": "528227353", "price": 13.301, "amount": 6.0, "side": "buy", "timestamp": 1764998706005}, {"id": "528227354", "price": 13.3, "amount": 1.0, "side": "sell", "timestamp": 1764998706186}, {"id": "528227336", "price": 13.3, "amount": 25.0, "side": "buy", "timestamp": 1764998672520}, {"id": "528227337", "price": 13.299, "amount": 1.0, "side": "sell", "timestamp": 1764998675668}, {"id": "528227338", "price": 13.299, "amount": 4.0, "side": "sell", "timestamp": 1764998677015}, {"id": "528227339", "price": 13.3, "amount": 1.0, "side": "buy", "timestamp": 1764998682763}, {"id": "528227340", "price": 13.3, "amount": 7.0, "side": "buy", "timestamp": 1764998684149}, {"id": "528227341", "price": 13.301, "amount": 24.0, "side": "buy", "timestamp": 1764998685041}, {"id": "528227342", "price": 13.3, "amount": 9.0, "side": "sell", "timestamp": 1764998685866}, {"id": "528227343", "price": 13.3, "amount": 98.0, "side": "sell", "timestamp": 1764998687714}, {"id": "528227344", "price": 13.3, "amount": 19.0, "side": "sell", "timestamp": 1764998690384}, {"id": "528227345", "price": 13.3, "amount": 1.0, "side": "sell", "timestamp": 1764998699342}, {"id": "528227346", "price": 13.3, "amount": 121.0, "side": "sell", "timestamp": 1764998700900}, {"id": "528227347", "price": 13.299, "amount": 1.0, "side": "sell", "timestamp": 1764998701172}, {"id": "528227348", "price": 13.3, "amount": 30.0, "side": "buy", "timestamp": 1764998703809}, {"id": "528227349", "price": 13.3, "amount": 1.0, "side": "buy", "timestamp": 1764998705238}, {"id": "528227350", "price": 13.299, "amount": 1.0, "side": "sell", "timestamp": 1764998705359}, {"id": "528227351", "price": 13.299, "amount": 1.0, "side": "sell", "timestamp": 1764998706002}, {"id": "528227352", "price": 13.3, "amount": 50.0, "side": "buy", "timestamp": 1764998706005}, {"id": "528227353", "price": 13.301, "amount": 6.0, "side": "buy", "timestamp": 1764998706005}, {"id": "528227354", "price": 13.3, "amount": 1.0, "side": "sell", "timestamp": 1764998706186}, {"id": "528227355", "price": 13.301, "amount": 1.0, "side": "buy", "timestamp": 1764998709978}, {"id": "528227356", "price": 13.3, "amount": 1.0, "side": "sell", "timestamp": 1764998711664}, {"id": "528227357", "price": 13.301, "amount": 239.0, "side": "buy", "timestamp": 1764998715046}, {"id": "528227358", "price": 13.302, "amount": 1.0, "side": "buy", "timestamp": 1764998715726}, {"id": "528227359", "price": 13.302, "amount": 209.0, "side": "buy", "timestamp": 1764998718306}, {"id": "528227360", "price": 13.303, "amount": 140.0, "side": "buy", "timestamp": 1764998718306}, {"id": "528227361", "price": 13.303, "amount": 83.0, "side": "sell", "timestamp": 1764998721108}, {"id": "528227362", "price": 13.302, "amount": 125.0, "side": "sell", "timestamp": 1764998725544}, {"id": "528227363", "price": 13.301, "amount": 2.0, "side": "sell", "timestamp": 1764998725559}, {"id": "528227364", "price": 13.301, "amount": 130.0, "side": "sell", "timestamp": 1764998727700}, {"id": "528227365", "price": 13.3, "amount": 287.0, "side": "sell", "timestamp": 1764998728932}, {"id": "528227366", "price": 13.299, "amount": 723.0, "side": "sell", "timestamp": 1764998728932}, {"id": "528227367", "price": 13.298, "amount": 1059.0, "side": "sell", "timestamp": 1764998728932}, {"id": "528227368", "price": 13.298, "amount": 16.0, "side": "sell", "timestamp": 1764998729069}, {"id": "528227369", "price": 13.298, "amount": 2.0, "side": "buy", "timestamp": 1764998729114}, {"id": "528227370", "price": 13.297, "amount": 11.0, "side": "sell", "timestamp": 1764998729140}, {"id": "528227371", "price": 13.297, "amount": 31.0, "side": "sell", "timestamp": 1764998731065}, {"id": "528227372", "price": 13.296, "amount": 88.0, "side": "sell", "timestamp": 1764998731125}, {"id": "528227373", "price": 13.295, "amount": 93.0, "side": "sell", "timestamp": 1764998732116}, {"id": "528227374", "price": 13.295, "amount": 2.0, "side": "buy", "timestamp": 1764998732161}, {"id": "528227375", "price": 13.294, "amount": 36.0, "side": "sell", "timestamp": 1764998733274}, {"id": "528227376", "price": 13.294, "amount": 13.0, "side": "buy", "timestamp": 1764998739618}, {"id": "528227377", "price": 13.295, "amount": 88.0, "side": "buy", "timestamp": 1764998739618}, {"id": "528227378", "price": 13.294, "amount": 1.0, "side": "sell", "timestamp": 1764998743527}, {"id": "528227379", "price": 13.294, "amount": 1.0, "side": "sell", "timestamp": 1764998747661}, {"id": "528227380", "price": 13.294, "amount": 2.0, "side": "sell", "timestamp": 1764998749117}, {"id": "528227381", "price": 13.294, "amount": 4.0, "side": "sell", "timestamp": 1764998751679}, {"id": "528227382", "price": 13.294, "amount": 2.0, "side": "sell", "timestamp": 1764998753581}, {"id": "528227383", "price": 13.295, "amount": 112.0, "side": "buy", "timestamp": 1764998754233}, {"id": "528227384", "price": 13.296, "amount": 1359.0, "side": "buy", "timestamp": 1764998754233}, {"id": "528227385", "price": 13.296, "amount": 8.0, "side": "sell", "timestamp": 1764998755344}, {"id": "528227388", "price": 13.294, "amount": 45.0, "side": "sell", "timestamp": 1764998764768}, {"id": "528227389", "price": 13.293, "amount": 151.0, "side": "sell", "timestamp": 1764998764768}, {"id": "528227390", "price": 13.292, "amount": 218.0, "side": "sell", "timestamp": 1764998764768}, {"id": "528227391", "price": 13.293, "amount": 1.0, "side": "buy", "timestamp": 1764998764837}, {"id": "528227392", "price": 13.293, "amount": 2.0, "side": "buy", "timestamp": 1764998765165}, {"id": "528227393", "price": 13.293, "amount": 2.0, "side": "buy", "timestamp": 1764998765488}, {"id": "528227394", "price": 13.293, "amount": 1.0, "side": "buy", "timestamp": 1764998765688}, {"id": "528227395", "price": 13.292, "amount": 11.0, "side": "sell", "timestamp": 1764998768963}, {"id": "528227396", "price": 13.293, "amount": 343.0, "side": "buy", "timestamp": 1764998769231}, {"id": "528227397", "price": 13.294, "amount": 312.0, "side": "buy", "timestamp": 1764998769231}, {"id": "528227398", "price": 13.293, "amount": 1.0, "side": "sell", "timestamp": 1764998770996}, {"id": "528227399", "price": 13.292, "amount": 50.0, "side": "sell", "timestamp": 1764998773643}, {"id": "528227400", "price": 13.291, "amount": 266.0, "side": "sell", "timestamp": 1764998773654}, {"id": "528227401", "price": 13.29, "amount": 14.0, "side": "sell", "timestamp": 1764998773692}, {"id": "528227402", "price": 13.29, "amount": 9.0, "side": "sell", "timestamp": 1764998773829}, {"id": "528227403", "price": 13.29, "amount": 1.0, "side": "sell", "timestamp": 1764998774237}, {"id": "528227404", "price": 13.29, "amount": 1.0, "side": "sell", "timestamp": 1764998775028}, {"id": "528227405", "price": 13.29, "amount": 193.0, "side": "sell", "timestamp": 1764998776067}, {"id": "528227406", "price": 13.289, "amount": 105.0, "side": "sell", "timestamp": 1764998776069}, {"id": "528227407", "price": 13.289, "amount": 2.0, "side": "buy", "timestamp": 1764998780947}, {"id": "528227408", "price": 13.288, "amount": 1.0, "side": "sell", "timestamp": 1764998782997}, {"id": "528227409", "price": 13.288, "amount": 168.0, "side": "sell", "timestamp": 1764998783665}, {"id": "528227410", "price": 13.288, "amount": 350.0, "side": "sell", "timestamp": 1764998784716}, {"id": "528227411", "price": 13.288, "amount": 167.0, "side": "sell", "timestamp": 1764998785388}, {"id": "528227412", "price": 13.287, "amount": 4.0, "side": "sell", "timestamp": 1764998785398}, {"id": "528227413", "price": 13.286, "amount": 406.0, "side": "sell", "timestamp": 1764998785402}, {"id": "528227414", "price": 13.285, "amount": 8.0, "side": "sell", "timestamp": 1764998785408}, {"id": "528227415", "price": 13.284, "amount": 135.0, "side": "sell", "timestamp": 1764998785502}, {"id": "528227416", "price": 13.283, "amount": 5.0, "side": "sell", "timestamp": 1764998785757}, {"id": "528227417", "price": 13.283, "amount": 1.0, "side": "buy", "timestamp": 1764998786914}, {"id": "528227418", "price": 13.282, "amount": 74.0, "side": "sell", "timestamp": 1764998787031}, {"id": "528227419", "price": 13.282, "amount": 12.0, "side": "sell", "timestamp": 1764998791321}, {"id": "528227420", "price": 13.282, "amount": 1.0, "side": "sell", "timestamp": 1764998797975}, {"id": "528227421", "price": 13.283, "amount": 3.0, "side": "buy", "timestamp": 1764998798198}, {"id": "528227422", "price": 13.282, "amount": 1.0, "side": "sell", "timestamp": 1764998798761}, {"id": "528227423", "price": 13.282, "amount": 1.0, "side": "sell", "timestamp": 1764998799417}, {"id": "528227424", "price": 13.282, "amount": 3.0, "side": "sell", "timestamp": 1764998800660}, {"id": "528227425", "price": 13.282, "amount": 350.0, "side": "sell", "timestamp": 1764998801597}, {"id": "528227426", "price": 13.281, "amount": 278.0, "side": "sell", "timestamp": 1764998801597}, {"id": "528227427", "price": 13.28, "amount": 21.0, "side": "sell", "timestamp": 1764998801966}, {"id": "528227428", "price": 13.281, "amount": 1.0, "side": "buy", "timestamp": 1764998802705}, {"id": "528227429", "price": 13.281, "amount": 75.0, "side": "sell", "timestamp": 1764998802767}, {"id": "528227430", "price": 13.281, "amount": 1.0, "side": "sell", "timestamp": 1764998803835}, {"id": "528227431", "price": 13.282, "amount": 120.0, "side": "buy", "timestamp": 1764998805162}, {"id": "528227432", "price": 13.283, "amount": 149.0, "side": "buy", "timestamp": 1764998805185}, {"id": "528227433", "price": 13.282, "amount": 1.0, "side": "sell", "timestamp": 1764998806502}, {"id": "528227434", "price": 13.283, "amount": 26.0, "side": "buy", "timestamp": 1764998806579}, {"id": "528227435", "price": 13.283, "amount": 21.0, "side": "sell", "timestamp": 1764998808351}, {"id": "528227436", "price": 13.283, "amount": 1.0, "side": "sell", "timestamp": 1764998808699}, {"id": "528227437", "price": 13.284, "amount": 112.0, "side": "buy", "timestamp": 1764998809023}, {"id": "528227428", "price": 13.281, "amount": 1.0, "side": "buy", "timestamp": 1764998802705}, {"id": "528227429", "price": 13.281, "amount": 75.0, "side": "sell", "timestamp": 1764998802767}, {"id": "528227430", "price": 13.281, "amount": 1.0, "side": "sell", "timestamp": 1764998803835}, {"id": "528227431", "price": 13.282, "amount": 120.0, "side": "buy", "timestamp": 1764998805162}, {"id": "528227432", "price": 13.283, "amount": 149.0, "side": "buy", "timestamp": 1764998805185}, {"id": "528227433", "price": 13.282, "amount": 1.0, "side": "sell", "timestamp": 1764998806502}, {"id": "528227434", "price": 13.283, "amount": 26.0, "side": "buy", "timestamp": 1764998806579}, {"id": "528227435", "price": 13.283, "amount": 21.0, "side": "sell", "timestamp": 1764998808351}, {"id": "528227436", "price": 13.283, "amount": 1.0, "side": "sell", "timestamp": 1764998808699}, {"id": "528227437", "price": 13.284, "amount": 112.0, "side": "buy", "timestamp": 1764998809023}, {"id": "528227438", "price": 13.284, "amount": 21.0, "side": "sell", "timestamp": 1764998811672}, {"id": "528227439", "price": 13.285, "amount": 1.0, "side": "buy", "timestamp": 1764998813064}, {"id": "528227440", "price": 13.284, "amount": 7.0, "side": "sell", "timestamp": 1764998814473}, {"id": "528227441", "price": 13.285, "amount": 37.0, "side": "buy", "timestamp": 1764998817732}, {"id": "528227442", "price": 13.284, "amount": 70.0, "side": "sell", "timestamp": 1764998818136}, {"id": "528227443", "price": 13.284, "amount": 1.0, "side": "sell", "timestamp": 1764998819658}, {"id": "528227444", "price": 13.284, "amount": 3.0, "side": "sell", "timestamp": 1764998821259}, {"id": "528227445", "price": 13.284, "amount": 9.0, "side": "sell", "timestamp": 1764998821476}, {"id": "528227446", "price": 13.284, "amount": 1.0, "side": "sell", "timestamp": 1764998822615}, {"id": "528227447", "price": 13.285, "amount": 1.0, "side": "buy", "timestamp": 1764998825260}, {"id": "528227448", "price": 13.285, "amount": 4.0, "side": "buy", "timestamp": 1764998829775}, {"id": "528227449", "price": 13.285, "amount": 3.0, "side": "buy", "timestamp": 1764998829877}, {"id": "528227450", "price": 13.285, "amount": 3.0, "side": "buy", "timestamp": 1764998830026}, {"id": "528227451", "price": 13.285, "amount": 1.0, "side": "buy", "timestamp": 1764998834715}, {"id": "528227452", "price": 13.285, "amount": 1.0, "side": "buy", "timestamp": 1764998834846}, {"id": "528227453", "price": 13.285, "amount": 2.0, "side": "buy", "timestamp": 1764998835010}, {"id": "528227454", "price": 13.285, "amount": 2.0, "side": "buy", "timestamp": 1764998835343}, {"id": "528227455", "price": 13.285, "amount": 2.0, "side": "buy", "timestamp": 1764998835597}, {"id": "528227456", "price": 13.285, "amount": 3.0, "side": "buy", "timestamp": 1764998836118}, {"id": "528227457", "price": 13.285, "amount": 150.0, "side": "buy", "timestamp": 1764998839347}, {"id": "528227458", "price": 13.285, "amount": 3.0, "side": "buy", "timestamp": 1764998839753}, {"id": "528227459", "price": 13.284, "amount": 2.0, "side": "sell", "timestamp": 1764998839826}, {"id": "528227460", "price": 13.285, "amount": 1.0, "side": "buy", "timestamp": 1764998839847}, {"id": "528227461", "price": 13.286, "amount": 1.0, "side": "buy", "timestamp": 1764998844785}, {"id": "528227462", "price": 13.286, "amount": 3.0, "side": "buy", "timestamp": 1764998844963}, {"id": "528227463", "price": 13.285, "amount": 440.0, "side": "sell", "timestamp": 1764998845185}, {"id": "528227464", "price": 13.285, "amount": 12.0, "side": "sell", "timestamp": 1764998846275}, {"id": "528227465", "price": 13.284, "amount": 2.0, "side": "sell", "timestamp": 1764998846526}, {"id": "528227466", "price": 13.284, "amount": 65.0, "side": "sell", "timestamp": 1764998848047}, {"id": "528227467", "price": 13.283, "amount": 7.0, "side": "sell", "timestamp": 1764998849231}, {"id": "528227468", "price": 13.283, "amount": 20.0, "side": "sell", "timestamp": 1764998852447}, {"id": "528227469", "price": 13.282, "amount": 1.0, "side": "sell", "timestamp": 1764998853420}, {"id": "528227470", "price": 13.282, "amount": 60.0, "side": "sell", "timestamp": 1764998855665}, {"id": "528227471", "price": 13.281, "amount": 1.0, "side": "sell", "timestamp": 1764998855665}, {"id": "528227472", "price": 13.281, "amount": 132.0, "side": "sell", "timestamp": 1764998856969}, {"id": "528227473", "price": 13.28, "amount": 11.0, "side": "sell", "timestamp": 1764998857249}, {"id": "528227474", "price": 13.28, "amount": 1.0, "side": "sell", "timestamp": 1764998857375}, {"id": "528227475", "price": 13.281, "amount": 2.0, "side": "buy", "timestamp": 1764998861349}, {"id": "528227476", "price": 13.281, "amount": 1.0, "side": "sell", "timestamp": 1764998861949}, {"id": "528227477", "price": 13.28, "amount": 3.0, "side": "sell", "timestamp": 1764998862669}, {"id": "528227471", "price": 13.281, "amount": 1.0, "side": "sell", "timestamp": 1764998855665}, {"id": "528227472", "price": 13.281, "amount": 132.0, "side": "sell", "timestamp": 1764998856969}, {"id": "528227473", "price": 13.28, "amount": 11.0, "side": "sell", "timestamp": 1764998857249}, {"id": "528227474", "price": 13.28, "amount": 1.0, "side": "sell", "timestamp": 1764998857375}, {"id": "528227475", "price": 13.281, "amount": 2.0, "side": "buy", "timestamp": 1764998861349}, {"id": "528227476", "price": 13.281, "amount": 1.0, "side": "sell", "timestamp": 1764998861949}, {"id": "528227477", "price": 13.28, "amount": 3.0, "side": "sell", "timestamp": 1764998862669}, {"id": "528227478", "price": 13.281, "amount": 26.0, "side": "buy", "timestamp": 1764998864230}, {"id": "528227479", "price": 13.281, "amount": 7.0, "side": "buy", "timestamp": 1764998865406}, {"id": "528227480", "price": 13.281, "amount": 2.0, "side": "sell", "timestamp": 1764998867032}, {"id": "528227481", "price": 13.281, "amount": 2.0, "side": "sell", "timestamp": 1764998868105}, {"id": "528227482", "price": 13.281, "amount": 4.0, "side": "sell", "timestamp": 1764998869651}, {"id": "528227483", "price": 13.282, "amount": 3.0, "side": "buy", "timestamp": 1764998869767}, {"id": "528227484", "price": 13.282, "amount": 2.0, "side": "buy", "timestamp": 1764998869991}, {"id": "528227485", "price": 13.282, "amount": 20.0, "side": "buy", "timestamp": 1764998871098}, {"id": "528227486", "price": 13.281, "amount": 1.0, "side": "sell", "timestamp": 1764998872299}, {"id": "528227487", "price": 13.282, "amount": 14.0, "side": "buy", "timestamp": 1764998872580}, {"id": "528227488", "price": 13.281, "amount": 7.0, "side": "sell", "timestamp": 1764998875900}, {"id": "528227489", "price": 13.282, "amount": 301.0, "side": "buy", "timestamp": 1764998877172}, {"id": "528227490", "price": 13.282, "amount": 10.0, "side": "sell", "timestamp": 1764998877207}, {"id": "528227491", "price": 13.283, "amount": 2.0, "side": "buy", "timestamp": 1764998877420}, {"id": "528227492", "price": 13.283, "amount": 6.0, "side": "sell", "timestamp": 1764998880673}, {"id": "528227493", "price": 13.283, "amount": 48.0, "side": "buy", "timestamp": 1764998880995}, {"id": "528227494", "price": 13.282, "amount": 5.0, "side": "sell", "timestamp": 1764998881005}, {"id": "528227495", "price": 13.282, "amount": 1.0, "side": "buy", "timestamp": 1764998884549}, {"id": "528227496", "price": 13.282, "amount": 1.0, "side": "buy", "timestamp": 1764998884721}, {"id": "528227497", "price": 13.282, "amount": 1.0, "side": "buy", "timestamp": 1764998885065}, {"id": "528227498", "price": 13.282, "amount": 2.0, "side": "buy", "timestamp": 1764998885169}, {"id": "528227499", "price": 13.282, "amount": 1.0, "side": "buy", "timestamp": 1764998885360}, {"id": "528227500", "price": 13.281, "amount": 1.0, "side": "sell", "timestamp": 1764998885985}, {"id": "528227501", "price": 13.282, "amount": 26.0, "side": "buy", "timestamp": 1764998886456}, {"id": "528227502", "price": 13.282, "amount": 4.0, "side": "buy", "timestamp": 1764998889727}, {"id": "528227503", "price": 13.282, "amount": 5.0, "side": "buy", "timestamp": 1764998889989}, {"id": "528227504", "price": 13.281, "amount": 1.0, "side": "sell", "timestamp": 1764998891665}, {"id": "528227505", "price": 13.281, "amount": 1.0, "side": "sell", "timestamp": 1764998892336}, {"id": "528227506", "price": 13.282, "amount": 1.0, "side": "buy", "timestamp": 1764998894755}, {"id": "528227507", "price": 13.282, "amount": 2.0, "side": "buy", "timestamp": 1764998894899}, {"id": "528227508", "price": 13.282, "amount": 1.0, "side": "buy", "timestamp": 1764998895015}, {"id": "528227509", "price": 13.282, "amount": 1.0, "side": "buy", "timestamp": 1764998895243}, {"id": "528227510", "price": 13.281, "amount": 2.0, "side": "sell", "timestamp": 1764998899499}, {"id": "528227511", "price": 13.281, "amount": 1.0, "side": "sell", "timestamp": 1764998899655}, {"id": "528227512", "price": 13.282, "amount": 4.0, "side": "buy", "timestamp": 1764998899983}, {"id": "528227513", "price": 13.282, "amount": 581.0, "side": "buy", "timestamp": 1764998903434}, {"id": "528227514", "price": 13.282, "amount": 2.0, "side": "buy", "timestamp": 1764998904885}, {"id": "528227515", "price": 13.282, "amount": 2.0, "side": "buy", "timestamp": 1764998905057}, {"id": "528227516", "price": 13.282, "amount": 3.0, "side": "buy", "timestamp": 1764998909743}, {"id": "528227517", "price": 13.282, "amount": 1.0, "side": "buy", "timestamp": 1764998909910}, {"id": "528227518", "price": 13.281, "amount": 1.0, "side": "sell", "timestamp": 1764998911842}, {"id": "528227519", "price": 13.282, "amount": 12.0, "side": "buy", "timestamp": 1764998911949}, {"id": "528227520", "price": 13.282, "amount": 29.0, "side": "buy", "timestamp": 1764998913976}, {"id": "528227518", "price": 13.281, "amount": 1.0, "side": "sell", "timestamp": 1764998911842}, {"id": "528227519", "price": 13.282, "amount": 12.0, "side": "buy", "timestamp": 1764998911949}, {"id": "528227520", "price": 13.282, "amount": 29.0, "side": "buy", "timestamp": 1764998913976}, {"id": "528227521", "price": 13.282, "amount": 2.0, "side": "buy", "timestamp": 1764998914720}, {"id": "528227522", "price": 13.282, "amount": 1.0, "side": "buy", "timestamp": 1764998914869}, {"id": "528227523", "price": 13.282, "amount": 1.0, "side": "buy", "timestamp": 1764998915046}, {"id": "528227524", "price": 13.282, "amount": 1.0, "side": "buy", "timestamp": 1764998919739}, {"id": "528227525", "price": 13.282, "amount": 2.0, "side": "buy", "timestamp": 1764998920095}, {"id": "528227526", "price": 13.281, "amount": 9.0, "side": "sell", "timestamp": 1764998924050}, {"id": "528227527", "price": 13.282, "amount": 1.0, "side": "buy", "timestamp": 1764998924896}, {"id": "528227528", "price": 13.282, "amount": 2.0, "side": "buy", "timestamp": 1764998925085}, {"id": "528227529", "price": 13.281, "amount": 1.0, "side": "sell", "timestamp": 1764998925270}, {"id": "528227530", "price": 13.281, "amount": 43.0, "side": "sell", "timestamp": 1764998925869}, {"id": "528227531", "price": 13.281, "amount": 1.0, "side": "sell", "timestamp": 1764998927664}, {"id": "528227532", "price": 13.281, "amount": 2.0, "side": "sell", "timestamp": 1764998928141}, {"id": "528227533", "price": 13.282, "amount": 6.0, "side": "buy", "timestamp": 1764998929817}, {"id": "528227534", "price": 13.281, "amount": 1.0, "side": "sell", "timestamp": 1764998933884}, {"id": "528227535", "price": 13.281, "amount": 7.0, "side": "sell", "timestamp": 1764998937111}, {"id": "528227536", "price": 13.282, "amount": 1.0, "side": "buy", "timestamp": 1764998940240}, {"id": "528227537", "price": 13.281, "amount": 1.0, "side": "sell", "timestamp": 1764998941247}, {"id": "528227538", "price": 13.282, "amount": 139.0, "side": "buy", "timestamp": 1764998942389}, {"id": "528227539", "price": 13.283, "amount": 5.0, "side": "buy", "timestamp": 1764998942668}, {"id": "528227540", "price": 13.284, "amount": 5.0, "side": "buy", "timestamp": 1764998942788}, {"id": "528227541", "price": 13.285, "amount": 1.0, "side": "buy", "timestamp": 1764998943871}, {"id": "528227542", "price": 13.285, "amount": 172.0, "side": "buy", "timestamp": 1764998944102}, {"id": "528227543", "price": 13.286, "amount": 18.0, "side": "buy", "timestamp": 1764998944110}, {"id": "528227544", "price": 13.287, "amount": 1.0, "side": "buy", "timestamp": 1764998945168}, {"id": "528227545", "price": 13.287, "amount": 1.0, "side": "buy", "timestamp": 1764998945280}, {"id": "528227546", "price": 13.287, "amount": 1.0, "side": "buy", "timestamp": 1764998948653}, {"id": "528227547", "price": 13.286, "amount": 1.0, "side": "sell", "timestamp": 1764998948975}, {"id": "528227548", "price": 13.287, "amount": 1.0, "side": "buy", "timestamp": 1764998949570}, {"id": "528227549", "price": 13.287, "amount": 4.0, "side": "buy", "timestamp": 1764998949708}, {"id": "528227550", "price": 13.287, "amount": 7.0, "side": "buy", "timestamp": 1764998949890}, {"id": "528227551", "price": 13.288, "amount": 2.0, "side": "buy", "timestamp": 1764998950114}, {"id": "528227552", "price": 13.287, "amount": 4.0, "side": "sell", "timestamp": 1764998950194}, {"id": "528227553", "price": 13.288, "amount": 4.0, "side": "buy", "timestamp": 1764998955064}, {"id": "528227554", "price": 13.288, "amount": 2.0, "side": "buy", "timestamp": 1764998955242}, {"id": "528227555", "price": 13.288, "amount": 22.0, "side": "buy", "timestamp": 1764998956253}, {"id": "528227556", "price": 13.289, "amount": 14.0, "side": "buy", "timestamp": 1764998956253}, {"id": "528227557", "price": 13.289, "amount": 2.0, "side": "buy", "timestamp": 1764998958196}, {"id": "528227558", "price": 13.289, "amount": 4.0, "side": "buy", "timestamp": 1764998959801}, {"id": "528227559", "price": 13.288, "amount": 16.0, "side": "sell", "timestamp": 1764998960007}, {"id": "528227560", "price": 13.289, "amount": 1.0, "side": "buy", "timestamp": 1764998960642}, {"id": "528227561", "price": 13.289, "amount": 137.0, "side": "buy", "timestamp": 1764998962125}, {"id": "528227562", "price": 13.29, "amount": 26.0, "side": "buy", "timestamp": 1764998962126}, {"id": "528227563", "price": 13.291, "amount": 5.0, "side": "buy", "timestamp": 1764998962146}, {"id": "528227564", "price": 13.292, "amount": 3.0, "side": "buy", "timestamp": 1764998962146}, {"id": "528227565", "price": 13.291, "amount": 1.0, "side": "sell", "timestamp": 1764998963666}, {"id": "528227566", "price": 13.292, "amount": 3.0, "side": "buy", "timestamp": 1764998964746}, {"id": "528227567", "price": 13.292, "amount": 2.0, "side": "buy", "timestamp": 1764998965060}, {"id": "528227569", "price": 13.292, "amount": 1.0, "side": "sell", "timestamp": 1764998966666}, {"id": "528227570", "price": 13.292, "amount": 1.0, "side": "sell", "timestamp": 1764998969029}, {"id": "528227571", "price": 13.293, "amount": 10.0, "side": "buy", "timestamp": 1764998969920}, {"id": "528227572", "price": 13.294, "amount": 3.0, "side": "buy", "timestamp": 1764998970078}, {"id": "528227573", "price": 13.294, "amount": 45.0, "side": "buy", "timestamp": 1764998970421}, {"id": "528227574", "price": 13.295, "amount": 36.0, "side": "buy", "timestamp": 1764998970421}, {"id": "528227575", "price": 13.296, "amount": 344.0, "side": "buy", "timestamp": 1764998970421}, {"id": "528227576", "price": 13.297, "amount": 15.0, "side": "buy", "timestamp": 1764998970421}, {"id": "528227577", "price": 13.296, "amount": 1.0, "side": "buy", "timestamp": 1764998971036}, {"id": "528227578", "price": 13.295, "amount": 1.0, "side": "sell", "timestamp": 1764998971435}, {"id": "528227579", "price": 13.296, "amount": 2.0, "side": "buy", "timestamp": 1764998974778}, {"id": "528227580", "price": 13.296, "amount": 2.0, "side": "buy", "timestamp": 1764998974986}, {"id": "528227581", "price": 13.296, "amount": 2.0, "side": "buy", "timestamp": 1764998979744}, {"id": "528227582", "price": 13.296, "amount": 1.0, "side": "buy", "timestamp": 1764998980055}, {"id": "528227583", "price": 13.295, "amount": 1.0, "side": "sell", "timestamp": 1764998981790}, {"id": "528227584", "price": 13.296, "amount": 45.0, "side": "buy", "timestamp": 1764998981801}, {"id": "528227585", "price": 13.296, "amount": 6.0, "side": "sell", "timestamp": 1764998982709}, {"id": "528227586", "price": 13.297, "amount": 2.0, "side": "buy", "timestamp": 1764998984875}, {"id": "528227587", "price": 13.297, "amount": 1.0, "side": "buy", "timestamp": 1764998984988}, {"id": "528227588", "price": 13.296, "amount": 126.0, "side": "sell", "timestamp": 1764998986271}, {"id": "528227589", "price": 13.295, "amount": 8.0, "side": "sell", "timestamp": 1764998986325}, {"id": "528227590", "price": 13.294, "amount": 2.0, "side": "sell", "timestamp": 1764998986655}, {"id": "528227591", "price": 13.294, "amount": 3.0, "side": "buy", "timestamp": 1764998987173}, {"id": "528227592", "price": 13.293, "amount": 1.0, "side": "sell", "timestamp": 1764998987257}, {"id": "528227593", "price": 13.293, "amount": 7.0, "side": "sell", "timestamp": 1764998987947}, {"id": "528227594", "price": 13.294, "amount": 2.0, "side": "buy", "timestamp": 1764998991107}, {"id": "528227595", "price": 13.293, "amount": 1.0, "side": "sell", "timestamp": 1764998991409}, {"id": "528227596", "price": 13.294, "amount": 2.0, "side": "buy", "timestamp": 1764998993153}, {"id": "528227597", "price": 13.293, "amount": 1.0, "side": "sell", "timestamp": 1764998999665}, {"id": "528227598", "price": 13.293, "amount": 30.0, "side": "sell", "timestamp": 1764999001246}, {"id": "528227599", "price": 13.292, "amount": 1.0, "side": "sell", "timestamp": 1764999001459}, {"id": "528227600", "price": 13.293, "amount": 150.0, "side": "buy", "timestamp": 1764999001599}, {"id": "528227601", "price": 13.293, "amount": 150.0, "side": "buy", "timestamp": 1764999001922}, {"id": "528227602", "price": 13.293, "amount": 1.0, "side": "buy", "timestamp": 1764999003958}, {"id": "528227603", "price": 13.294, "amount": 18.0, "side": "buy", "timestamp": 1764999003958}, {"id": "528227604", "price": 13.294, "amount": 22.0, "side": "buy", "timestamp": 1764999004204}, {"id": "528227605", "price": 13.293, "amount": 1.0, "side": "sell", "timestamp": 1764999004552}, {"id": "528227606", "price": 13.294, "amount": 1.0, "side": "buy", "timestamp": 1764999005295}, {"id": "528227607", "price": 13.294, "amount": 1.0, "side": "buy", "timestamp": 1764999006177}, {"id": "528227608", "price": 13.294, "amount": 92.0, "side": "buy", "timestamp": 1764999009325}, {"id": "528227609", "price": 13.295, "amount": 24.0, "side": "buy", "timestamp": 1764999009333}, {"id": "528227610", "price": 13.295, "amount": 2.0, "side": "sell", "timestamp": 1764999009415}, {"id": "528227611", "price": 13.296, "amount": 2.0, "side": "buy", "timestamp": 1764999009418}, {"id": "528227612", "price": 13.296, "amount": 2.0, "side": "buy", "timestamp": 1764999009720}, {"id": "528227613", "price": 13.296, "amount": 6.0, "side": "buy", "timestamp": 1764999009911}, {"id": "528227614", "price": 13.297, "amount": 2.0, "side": "buy", "timestamp": 1764999009971}, {"id": "528227615", "price": 13.296, "amount": 4.0, "side": "sell", "timestamp": 1764999013368}, {"id": "528227616", "price": 13.297, "amount": 2.0, "side": "buy", "timestamp": 1764999014829}, {"id": "528227617", "price": 13.297, "amount": 1.0, "side": "buy", "timestamp": 1764999015342}, {"id": "528227618", "price": 13.296, "amount": 2.0, "side": "sell", "timestamp": 1764999017341}, {"id": "528227598", "price": 13.293, "amount": 30.0, "side": "sell", "timestamp": 1764999001246}, {"id": "528227599", "price": 13.292, "amount": 1.0, "side": "sell", "timestamp": 1764999001459}, {"id": "528227600", "price": 13.293, "amount": 150.0, "side": "buy", "timestamp": 1764999001599}, {"id": "528227601", "price": 13.293, "amount": 150.0, "side": "buy", "timestamp": 1764999001922}, {"id": "528227602", "price": 13.293, "amount": 1.0, "side": "buy", "timestamp": 1764999003958}, {"id": "528227603", "price": 13.294, "amount": 18.0, "side": "buy", "timestamp": 1764999003958}, {"id": "528227604", "price": 13.294, "amount": 22.0, "side": "buy", "timestamp": 1764999004204}, {"id": "528227605", "price": 13.293, "amount": 1.0, "side": "sell", "timestamp": 1764999004552}, {"id": "528227606", "price": 13.294, "amount": 1.0, "side": "buy", "timestamp": 1764999005295}, {"id": "528227607", "price": 13.294, "amount": 1.0, "side": "buy", "timestamp": 1764999006177}, {"id": "528227608", "price": 13.294, "amount": 92.0, "side": "buy", "timestamp": 1764999009325}, {"id": "528227609", "price": 13.295, "amount": 24.0, "side": "buy", "timestamp": 1764999009333}, {"id": "528227610", "price": 13.295, "amount": 2.0, "side": "sell", "timestamp": 1764999009415}, {"id": "528227611", "price": 13.296, "amount": 2.0, "side": "buy", "timestamp": 1764999009418}, {"id": "528227612", "price": 13.296, "amount": 2.0, "side": "buy", "timestamp": 1764999009720}, {"id": "528227613", "price": 13.296, "amount": 6.0, "side": "buy", "timestamp": 1764999009911}, {"id": "528227614", "price": 13.297, "amount": 2.0, "side": "buy", "timestamp": 1764999009971}, {"id": "528227615", "price": 13.296, "amount": 4.0, "side": "sell", "timestamp": 1764999013368}, {"id": "528227616", "price": 13.297, "amount": 2.0, "side": "buy", "timestamp": 1764999014829}, {"id": "528227617", "price": 13.297, "amount": 1.0, "side": "buy", "timestamp": 1764999015342}, {"id": "528227618", "price": 13.296, "amount": 2.0, "side": "sell", "timestamp": 1764999017341}, {"id": "528227619", "price": 13.297, "amount": 3.0, "side": "buy", "timestamp": 1764999020002}, {"id": "528227620", "price": 13.296, "amount": 7.0, "side": "sell", "timestamp": 1764999022987}, {"id": "528227621", "price": 13.296, "amount": 192.0, "side": "sell", "timestamp": 1764999024849}, {"id": "528227622", "price": 13.295, "amount": 3.0, "side": "sell", "timestamp": 1764999026593}, {"id": "528227623", "price": 13.295, "amount": 8.0, "side": "buy", "timestamp": 1764999026688}, {"id": "528227624", "price": 13.295, "amount": 12.0, "side": "buy", "timestamp": 1764999026814}, {"id": "528227625", "price": 13.294, "amount": 15.0, "side": "sell", "timestamp": 1764999029836}, {"id": "528227626", "price": 13.293, "amount": 84.0, "side": "sell", "timestamp": 1764999029836}, {"id": "528227627", "price": 13.294, "amount": 26.0, "side": "buy", "timestamp": 1764999030655}, {"id": "528227628", "price": 13.293, "amount": 112.0, "side": "sell", "timestamp": 1764999032843}, {"id": "528227629", "price": 13.292, "amount": 162.0, "side": "sell", "timestamp": 1764999034112}, {"id": "528227630", "price": 13.291, "amount": 1.0, "side": "sell", "timestamp": 1764999035668}, {"id": "528227631", "price": 13.291, "amount": 4.0, "side": "sell", "timestamp": 1764999036282}, {"id": "528227632", "price": 13.29, "amount": 2.0, "side": "sell", "timestamp": 1764999047056}, {"id": "528227633", "price": 13.291, "amount": 4.0, "side": "buy", "timestamp": 1764999049821}, {"id": "528227634", "price": 13.29, "amount": 106.0, "side": "sell", "timestamp": 1764999050836}, {"id": "528227635", "price": 13.29, "amount": 5.0, "side": "sell", "timestamp": 1764999052271}, {"id": "528227636", "price": 13.29, "amount": 7.0, "side": "sell", "timestamp": 1764999055154}, {"id": "528227637", "price": 13.29, "amount": 1.0, "side": "sell", "timestamp": 1764999055936}, {"id": "528227638", "price": 13.29, "amount": 1.0, "side": "sell", "timestamp": 1764999056151}, {"id": "528227639", "price": 13.29, "amount": 3.0, "side": "sell", "timestamp": 1764999057205}, {"id": "528227640", "price": 13.29, "amount": 1.0, "side": "sell", "timestamp": 1764999061056}, {"id": "528227641", "price": 13.29, "amount": 3.0, "side": "sell", "timestamp": 1764999061648}, {"id": "528227642", "price": 13.29, "amount": 202.0, "side": "sell", "timestamp": 1764999062976}, {"id": "528227643", "price": 13.291, "amount": 1.0, "side": "buy", "timestamp": 1764999064270}, {"id": "528227644", "price": 13.291, "amount": 1.0, "side": "buy", "timestamp": 1764999064709}, {"id": "528227645", "price": 13.291, "amount": 1.0, "side": "buy", "timestamp": 1764999065126}, {"id": "528227646", "price": 13.291, "amount": 2.0, "side": "buy", "timestamp": 1764999065308}, {"id": "528227647", "price": 13.29, "amount": 13.0, "side": "sell", "timestamp": 1764999066037}, {"id": "528227638", "price": 13.29, "amount": 1.0, "side": "sell", "timestamp": 1764999056151}, {"id": "528227639", "price": 13.29, "amount": 3.0, "side": "sell", "timestamp": 1764999057205}, {"id": "528227640", "price": 13.29, "amount": 1.0, "side": "sell", "timestamp": 1764999061056}, {"id": "528227641", "price": 13.29, "amount": 3.0, "side": "sell", "timestamp": 1764999061648}, {"id": "528227642", "price": 13.29, "amount": 202.0, "side": "sell", "timestamp": 1764999062976}, {"id": "528227643", "price": 13.291, "amount": 1.0, "side": "buy", "timestamp": 1764999064270}, {"id": "528227644", "price": 13.291, "amount": 1.0, "side": "buy", "timestamp": 1764999064709}, {"id": "528227645", "price": 13.291, "amount": 1.0, "side": "buy", "timestamp": 1764999065126}, {"id": "528227646", "price": 13.291, "amount": 2.0, "side": "buy", "timestamp": 1764999065308}, {"id": "528227647", "price": 13.29, "amount": 13.0, "side": "sell", "timestamp": 1764999066037}, {"id": "528227648", "price": 13.291, "amount": 2.0, "side": "buy", "timestamp": 1764999069740}, {"id": "528227649", "price": 13.29, "amount": 1.0, "side": "sell", "timestamp": 1764999069766}, {"id": "528227650", "price": 13.291, "amount": 2.0, "side": "buy", "timestamp": 1764999069780}, {"id": "528227651", "price": 13.29, "amount": 2.0, "side": "sell", "timestamp": 1764999069806}, {"id": "528227652", "price": 13.29, "amount": 1.0, "side": "sell", "timestamp": 1764999071658}, {"id": "528227653", "price": 13.29, "amount": 15.0, "side": "sell", "timestamp": 1764999072542}, {"id": "528227654", "price": 13.291, "amount": 1.0, "side": "buy", "timestamp": 1764999072843}, {"id": "528227655", "price": 13.291, "amount": 2.0, "side": "buy", "timestamp": 1764999074812}, {"id": "528227656", "price": 13.29, "amount": 1.0, "side": "sell", "timestamp": 1764999075051}, {"id": "528227657", "price": 13.29, "amount": 1.0, "side": "sell", "timestamp": 1764999076361}, {"id": "528227658", "price": 13.29, "amount": 2.0, "side": "sell", "timestamp": 1764999077958}, {"id": "528227659", "price": 13.291, "amount": 2.0, "side": "buy", "timestamp": 1764999079711}, {"id": "528227660", "price": 13.29, "amount": 1.0, "side": "sell", "timestamp": 1764999080006}, {"id": "528227661", "price": 13.29, "amount": 1.0, "side": "sell", "timestamp": 1764999080677}, {"id": "528227662", "price": 13.291, "amount": 1.0, "side": "buy", "timestamp": 1764999084708}, {"id": "528227663", "price": 13.29, "amount": 1.0, "side": "sell", "timestamp": 1764999085051}, {"id": "528227664", "price": 13.291, "amount": 1.0, "side": "buy", "timestamp": 1764999085107}, {"id": "528227665", "price": 13.29, "amount": 60.0, "side": "sell", "timestamp": 1764999087736}, {"id": "528227666", "price": 13.29, "amount": 1.0, "side": "sell", "timestamp": 1764999089917}, {"id": "528227667", "price": 13.291, "amount": 1.0, "side": "buy", "timestamp": 1764999089953}, {"id": "528227668", "price": 13.291, "amount": 1.0, "side": "buy", "timestamp": 1764999090081}, {"id": "528227669", "price": 13.291, "amount": 1.0, "side": "buy", "timestamp": 1764999090198}, {"id": "528227670", "price": 13.29, "amount": 2.0, "side": "sell", "timestamp": 1764999090995}, {"id": "528227671", "price": 13.291, "amount": 1.0, "side": "buy", "timestamp": 1764999095067}, {"id": "528227672", "price": 13.291, "amount": 135.0, "side": "buy", "timestamp": 1764999097226}, {"id": "528227673", "price": 13.292, "amount": 1.0, "side": "buy", "timestamp": 1764999099433}, {"id": "528227674", "price": 13.292, "amount": 1.0, "side": "buy", "timestamp": 1764999100049}, {"id": "528227675", "price": 13.291, "amount": 1.0, "side": "sell", "timestamp": 1764999102372}, {"id": "528227676", "price": 13.292, "amount": 1.0, "side": "buy", "timestamp": 1764999104759}, {"id": "528227677", "price": 13.291, "amount": 1.0, "side": "sell", "timestamp": 1764999105714}, {"id": "528227678", "price": 13.292, "amount": 8.0, "side": "buy", "timestamp": 1764999106571}, {"id": "528227679", "price": 13.291, "amount": 1.0, "side": "sell", "timestamp": 1764999107666}, {"id": "528227680", "price": 13.291, "amount": 3.0, "side": "sell", "timestamp": 1764999108372}, {"id": "528227681", "price": 13.291, "amount": 2.0, "side": "sell", "timestamp": 1764999109086}, {"id": "528227682", "price": 13.291, "amount": 1.0, "side": "sell", "timestamp": 1764999109959}, {"id": "528227683", "price": 13.292, "amount": 1.0, "side": "buy", "timestamp": 1764999110009}, {"id": "528227684", "price": 13.292, "amount": 2.0, "side": "buy", "timestamp": 1764999110300}, {"id": "528227685", "price": 13.291, "amount": 5.0, "side": "sell", "timestamp": 1764999116338}, {"id": "528227686", "price": 13.291, "amount": 3.0, "side": "sell", "timestamp": 1764999117219}, {"id": "528227687", "price": 13.291, "amount": 7.0, "side": "sell", "timestamp": 1764999118878}, {"id": "528227687", "price": 13.291, "amount": 7.0, "side": "sell", "timestamp": 1764999118878}, {"id": "528227688", "price": 13.292, "amount": 72.0, "side": "buy", "timestamp": 1764999121111}, {"id": "528227689", "price": 13.293, "amount": 11.0, "side": "buy", "timestamp": 1764999121116}, {"id": "528227690", "price": 13.293, "amount": 9.0, "side": "sell", "timestamp": 1764999122508}, {"id": "528227691", "price": 13.294, "amount": 184.0, "side": "buy", "timestamp": 1764999123558}, {"id": "528227692", "price": 13.294, "amount": 3.0, "side": "sell", "timestamp": 1764999124324}, {"id": "528227693", "price": 13.294, "amount": 1.0, "side": "sell", "timestamp": 1764999124726}, {"id": "528227694", "price": 13.295, "amount": 1.0, "side": "buy", "timestamp": 1764999124733}, {"id": "528227695", "price": 13.295, "amount": 1.0, "side": "buy", "timestamp": 1764999125191}, {"id": "528227696", "price": 13.295, "amount": 2.0, "side": "buy", "timestamp": 1764999125320}, {"id": "528227697", "price": 13.294, "amount": 1.0, "side": "sell", "timestamp": 1764999127263}, {"id": "528227698", "price": 13.295, "amount": 12.0, "side": "buy", "timestamp": 1764999127888}, {"id": "528227699", "price": 13.294, "amount": 1693.0, "side": "sell", "timestamp": 1764999128485}, {"id": "528227700", "price": 13.293, "amount": 144.0, "side": "sell", "timestamp": 1764999128488}, {"id": "528227701", "price": 13.292, "amount": 2.0, "side": "sell", "timestamp": 1764999128570}, {"id": "528227702", "price": 13.291, "amount": 1.0, "side": "sell", "timestamp": 1764999129997}, {"id": "528227703", "price": 13.291, "amount": 450.0, "side": "sell", "timestamp": 1764999133611}, {"id": "528227704", "price": 13.29, "amount": 63.0, "side": "sell", "timestamp": 1764999133636}, {"id": "528227705", "price": 13.289, "amount": 111.0, "side": "sell", "timestamp": 1764999133822}, {"id": "528227706", "price": 13.288, "amount": 1.0, "side": "sell", "timestamp": 1764999134948}, {"id": "528227707", "price": 13.289, "amount": 6.0, "side": "buy", "timestamp": 1764999137017}, {"id": "528227708", "price": 13.289, "amount": 5.0, "side": "buy", "timestamp": 1764999139968}, {"id": "528227709", "price": 13.288, "amount": 1.0, "side": "sell", "timestamp": 1764999140003}, {"id": "528227710", "price": 13.288, "amount": 1.0, "side": "sell", "timestamp": 1764999140408}, {"id": "528227711", "price": 13.289, "amount": 4.0, "side": "buy", "timestamp": 1764999142849}, {"id": "528227712", "price": 13.288, "amount": 1.0, "side": "sell", "timestamp": 1764999143664}, {"id": "528227713", "price": 13.288, "amount": 1.0, "side": "sell", "timestamp": 1764999144894}, {"id": "528227714", "price": 13.289, "amount": 1.0, "side": "buy", "timestamp": 1764999144958}, {"id": "528227715", "price": 13.288, "amount": 1.0, "side": "sell", "timestamp": 1764999145209}, {"id": "528227716", "price": 13.288, "amount": 1.0, "side": "sell", "timestamp": 1764999149681}, {"id": "528227717", "price": 13.289, "amount": 1.0, "side": "buy", "timestamp": 1764999149819}, {"id": "528227718", "price": 13.288, "amount": 1.0, "side": "sell", "timestamp": 1764999149916}, {"id": "528227719", "price": 13.288, "amount": 3.0, "side": "sell", "timestamp": 1764999151900}, {"id": "528227720", "price": 13.289, "amount": 3.0, "side": "buy", "timestamp": 1764999151918}, {"id": "528227721", "price": 13.289, "amount": 1.0, "side": "buy", "timestamp": 1764999155038}, {"id": "528227722", "price": 13.288, "amount": 1.0, "side": "sell", "timestamp": 1764999156535}, {"id": "528227723", "price": 13.289, "amount": 9.0, "side": "buy", "timestamp": 1764999156719}, {"id": "528227724", "price": 13.289, "amount": 5.0, "side": "buy", "timestamp": 1764999157690}, {"id": "528227725", "price": 13.288, "amount": 3.0, "side": "sell", "timestamp": 1764999157827}, {"id": "528227726", "price": 13.288, "amount": 3.0, "side": "sell", "timestamp": 1764999159026}, {"id": "528227727", "price": 13.289, "amount": 1.0, "side": "buy", "timestamp": 1764999159762}, {"id": "528227728", "price": 13.289, "amount": 4.0, "side": "buy", "timestamp": 1764999160658}, {"id": "528227729", "price": 13.289, "amount": 3.0, "side": "buy", "timestamp": 1764999164308}, {"id": "528227730", "price": 13.289, "amount": 1.0, "side": "buy", "timestamp": 1764999164843}, {"id": "528227731", "price": 13.288, "amount": 1.0, "side": "sell", "timestamp": 1764999165012}, {"id": "528227732", "price": 13.289, "amount": 1.0, "side": "buy", "timestamp": 1764999167485}, {"id": "528227733", "price": 13.289, "amount": 1.0, "side": "buy", "timestamp": 1764999167670}, {"id": "528227734", "price": 13.288, "amount": 2.0, "side": "sell", "timestamp": 1764999168113}, {"id": "528227735", "price": 13.289, "amount": 4.0, "side": "buy", "timestamp": 1764999168663}, {"id": "528227736", "price": 13.289, "amount": 1.0, "side": "buy", "timestamp": 1764999170081}, {"id": "528227730", "price": 13.289, "amount": 1.0, "side": "buy", "timestamp": 1764999164843}, {"id": "528227731", "price": 13.288, "amount": 1.0, "side": "sell", "timestamp": 1764999165012}, {"id": "528227732", "price": 13.289, "amount": 1.0, "side": "buy", "timestamp": 1764999167485}, {"id": "528227733", "price": 13.289, "amount": 1.0, "side": "buy", "timestamp": 1764999167670}, {"id": "528227734", "price": 13.288, "amount": 2.0, "side": "sell", "timestamp": 1764999168113}, {"id": "528227735", "price": 13.289, "amount": 4.0, "side": "buy", "timestamp": 1764999168663}, {"id": "528227736", "price": 13.289, "amount": 1.0, "side": "buy", "timestamp": 1764999170081}, {"id": "528227737", "price": 13.288, "amount": 1.0, "side": "sell", "timestamp": 1764999173467}, {"id": "528227738", "price": 13.288, "amount": 8.0, "side": "sell", "timestamp": 1764999174213}, {"id": "528227739", "price": 13.288, "amount": 661.0, "side": "sell", "timestamp": 1764999177036}, {"id": "528227740", "price": 13.287, "amount": 31.0, "side": "sell", "timestamp": 1764999177037}, {"id": "528227741", "price": 13.286, "amount": 199.0, "side": "sell", "timestamp": 1764999177048}, {"id": "528227742", "price": 13.285, "amount": 5.0, "side": "sell", "timestamp": 1764999177077}, {"id": "528227743", "price": 13.284, "amount": 3.0, "side": "sell", "timestamp": 1764999178212}, {"id": "528227744", "price": 13.285, "amount": 1.0, "side": "buy", "timestamp": 1764999178930}, {"id": "528227745", "price": 13.284, "amount": 61.0, "side": "sell", "timestamp": 1764999179663}, {"id": "528227746", "price": 13.284, "amount": 37.0, "side": "sell", "timestamp": 1764999181133}, {"id": "528227747", "price": 13.283, "amount": 1.0, "side": "sell", "timestamp": 1764999181488}, {"id": "528227748", "price": 13.284, "amount": 1.0, "side": "buy", "timestamp": 1764999184357}, {"id": "528227749", "price": 13.284, "amount": 1.0, "side": "buy", "timestamp": 1764999184528}, {"id": "528227750", "price": 13.284, "amount": 1.0, "side": "buy", "timestamp": 1764999185396}, {"id": "528227751", "price": 13.284, "amount": 1.0, "side": "buy", "timestamp": 1764999189706}, {"id": "528227752", "price": 13.284, "amount": 2.0, "side": "buy", "timestamp": 1764999189892}, {"id": "528227753", "price": 13.283, "amount": 2.0, "side": "sell", "timestamp": 1764999189995}, {"id": "528227754", "price": 13.284, "amount": 5.0, "side": "buy", "timestamp": 1764999190034}, {"id": "528227755", "price": 13.283, "amount": 12.0, "side": "sell", "timestamp": 1764999192819}, {"id": "528227756", "price": 13.284, "amount": 2.0, "side": "buy", "timestamp": 1764999194775}, {"id": "528227757", "price": 13.283, "amount": 1.0, "side": "sell", "timestamp": 1764999194861}, {"id": "528227758", "price": 13.284, "amount": 2.0, "side": "buy", "timestamp": 1764999195057}, {"id": "528227759", "price": 13.283, "amount": 1.0, "side": "sell", "timestamp": 1764999196155}, {"id": "528227760", "price": 13.283, "amount": 338.0, "side": "sell", "timestamp": 1764999196547}, {"id": "528227761", "price": 13.282, "amount": 2.0, "side": "sell", "timestamp": 1764999196823}, {"id": "528227762", "price": 13.282, "amount": 1.0, "side": "sell", "timestamp": 1764999197499}, {"id": "528227763", "price": 13.282, "amount": 13.0, "side": "sell", "timestamp": 1764999198795}, {"id": "528227764", "price": 13.282, "amount": 1.0, "side": "sell", "timestamp": 1764999199850}, {"id": "528227765", "price": 13.282, "amount": 1.0, "side": "sell", "timestamp": 1764999204744}, {"id": "528227766", "price": 13.282, "amount": 141.0, "side": "sell", "timestamp": 1764999208233}, {"id": "528227767", "price": 13.281, "amount": 162.0, "side": "sell", "timestamp": 1764999208235}, {"id": "528227768", "price": 13.28, "amount": 65.0, "side": "sell", "timestamp": 1764999208237}, {"id": "528227769", "price": 13.279, "amount": 254.0, "side": "sell", "timestamp": 1764999208265}, {"id": "528227770", "price": 13.279, "amount": 42.0, "side": "sell", "timestamp": 1764999208406}, {"id": "528227771", "price": 13.28, "amount": 2.0, "side": "buy", "timestamp": 1764999208539}, {"id": "528227772", "price": 13.28, "amount": 159.0, "side": "buy", "timestamp": 1764999208805}, {"id": "528227773", "price": 13.279, "amount": 1.0, "side": "sell", "timestamp": 1764999208952}, {"id": "528227774", "price": 13.279, "amount": 1.0, "side": "sell", "timestamp": 1764999209972}, {"id": "528227775", "price": 13.279, "amount": 1.0, "side": "sell", "timestamp": 1764999215670}, {"id": "528227776", "price": 13.279, "amount": 1.0, "side": "sell", "timestamp": 1764999217609}, {"id": "528227777", "price": 13.28, "amount": 2.0, "side": "buy", "timestamp": 1764999219912}, {"id": "528227778", "price": 13.28, "amount": 1.0, "side": "buy", "timestamp": 1764999220071}, {"id": "528227779", "price": 13.279, "amount": 26.0, "side": "sell", "timestamp": 1764999222969}, {"id": "528227773", "price": 13.279, "amount": 1.0, "side": "sell", "timestamp": 1764999208952}, {"id": "528227774", "price": 13.279, "amount": 1.0, "side": "sell", "timestamp": 1764999209972}, {"id": "528227775", "price": 13.279, "amount": 1.0, "side": "sell", "timestamp": 1764999215670}, {"id": "528227776", "price": 13.279, "amount": 1.0, "side": "sell", "timestamp": 1764999217609}, {"id": "528227777", "price": 13.28, "amount": 2.0, "side": "buy", "timestamp": 1764999219912}, {"id": "528227778", "price": 13.28, "amount": 1.0, "side": "buy", "timestamp": 1764999220071}, {"id": "528227779", "price": 13.279, "amount": 26.0, "side": "sell", "timestamp": 1764999222969}, {"id": "528227780", "price": 13.28, "amount": 2.0, "side": "buy", "timestamp": 1764999224156}, {"id": "528227781", "price": 13.28, "amount": 3.0, "side": "buy", "timestamp": 1764999224788}, {"id": "528227782", "price": 13.279, "amount": 8.0, "side": "sell", "timestamp": 1764999225919}, {"id": "528227783", "price": 13.279, "amount": 1.0, "side": "sell", "timestamp": 1764999226243}, {"id": "528227784", "price": 13.279, "amount": 1.0, "side": "sell", "timestamp": 1764999227011}, {"id": "528227785", "price": 13.279, "amount": 2.0, "side": "sell", "timestamp": 1764999227127}, {"id": "528227786", "price": 13.279, "amount": 1.0, "side": "sell", "timestamp": 1764999227540}, {"id": "528227787", "price": 13.28, "amount": 1.0, "side": "buy", "timestamp": 1764999230099}, {"id": "528227788", "price": 13.28, "amount": 2.0, "side": "buy", "timestamp": 1764999230657}, {"id": "528227789", "price": 13.28, "amount": 1.0, "side": "buy", "timestamp": 1764999232931}, {"id": "528227790", "price": 13.279, "amount": 2.0, "side": "sell", "timestamp": 1764999233500}, {"id": "528227791", "price": 13.28, "amount": 27.0, "side": "buy", "timestamp": 1764999233851}, {"id": "528227792", "price": 13.279, "amount": 5.0, "side": "sell", "timestamp": 1764999237335}, {"id": "528227793", "price": 13.279, "amount": 22.0, "side": "sell", "timestamp": 1764999237503}, {"id": "528227794", "price": 13.28, "amount": 1.0, "side": "buy", "timestamp": 1764999244807}, {"id": "528227795", "price": 13.279, "amount": 2.0, "side": "sell", "timestamp": 1764999246312}, {"id": "528227796", "price": 13.279, "amount": 1.0, "side": "sell", "timestamp": 1764999246473}, {"id": "528227797", "price": 13.28, "amount": 2.0, "side": "buy", "timestamp": 1764999247392}, {"id": "528227798", "price": 13.279, "amount": 1.0, "side": "sell", "timestamp": 1764999249799}, {"id": "528227799", "price": 13.28, "amount": 3.0, "side": "buy", "timestamp": 1764999249802}, {"id": "528227800", "price": 13.28, "amount": 1.0, "side": "buy", "timestamp": 1764999249925}, {"id": "528227801", "price": 13.28, "amount": 3.0, "side": "buy", "timestamp": 1764999250061}, {"id": "528227802", "price": 13.279, "amount": 18.0, "side": "sell", "timestamp": 1764999250338}, {"id": "528227803", "price": 13.279, "amount": 396.0, "side": "sell", "timestamp": 1764999251666}, {"id": "528227804", "price": 13.278, "amount": 163.0, "side": "sell", "timestamp": 1764999251673}, {"id": "528227805", "price": 13.277, "amount": 9.0, "side": "sell", "timestamp": 1764999251743}, {"id": "528227806", "price": 13.276, "amount": 12.0, "side": "sell", "timestamp": 1764999251749}, {"id": "528227807", "price": 13.277, "amount": 2.0, "side": "buy", "timestamp": 1764999251878}, {"id": "528227808", "price": 13.276, "amount": 150.0, "side": "sell", "timestamp": 1764999252718}, {"id": "528227809", "price": 13.276, "amount": 65.0, "side": "sell", "timestamp": 1764999252861}, {"id": "528227810", "price": 13.275, "amount": 9.0, "side": "sell", "timestamp": 1764999253768}, {"id": "528227811", "price": 13.275, "amount": 1.0, "side": "sell", "timestamp": 1764999254960}, {"id": "528227812", "price": 13.276, "amount": 1.0, "side": "buy", "timestamp": 1764999255342}, {"id": "528227813", "price": 13.275, "amount": 158.0, "side": "sell", "timestamp": 1764999256560}, {"id": "528227814", "price": 13.275, "amount": 2.0, "side": "buy", "timestamp": 1764999257099}, {"id": "528227815", "price": 13.274, "amount": 1.0, "side": "sell", "timestamp": 1764999259912}, {"id": "528227816", "price": 13.274, "amount": 10.0, "side": "sell", "timestamp": 1764999260336}, {"id": "528227817", "price": 13.274, "amount": 10.0, "side": "sell", "timestamp": 1764999262107}, {"id": "528227818", "price": 13.273, "amount": 1.0, "side": "sell", "timestamp": 1764999265084}, {"id": "528227819", "price": 13.273, "amount": 1.0, "side": "sell", "timestamp": 1764999270057}, {"id": "528227820", "price": 13.274, "amount": 278.0, "side": "buy", "timestamp": 1764999273245}, {"id": "528227821", "price": 13.273, "amount": 763.0, "side": "sell", "timestamp": 1764999273538}, {"id": "528227822", "price": 13.273, "amount": 309.0, "side": "sell", "timestamp": 1764999275045}, {"id": "528227808", "price": 13.276, "amount": 150.0, "side": "sell", "timestamp": 1764999252718}, {"id": "528227809", "price": 13.276, "amount": 65.0, "side": "sell", "timestamp": 1764999252861}, {"id": "528227810", "price": 13.275, "amount": 9.0, "side": "sell", "timestamp": 1764999253768}, {"id": "528227811", "price": 13.275, "amount": 1.0, "side": "sell", "timestamp": 1764999254960}, {"id": "528227812", "price": 13.276, "amount": 1.0, "side": "buy", "timestamp": 1764999255342}, {"id": "528227813", "price": 13.275, "amount": 158.0, "side": "sell", "timestamp": 1764999256560}, {"id": "528227814", "price": 13.275, "amount": 2.0, "side": "buy", "timestamp": 1764999257099}, {"id": "528227815", "price": 13.274, "amount": 1.0, "side": "sell", "timestamp": 1764999259912}, {"id": "528227816", "price": 13.274, "amount": 10.0, "side": "sell", "timestamp": 1764999260336}, {"id": "528227817", "price": 13.274, "amount": 10.0, "side": "sell", "timestamp": 1764999262107}, {"id": "528227818", "price": 13.273, "amount": 1.0, "side": "sell", "timestamp": 1764999265084}, {"id": "528227819", "price": 13.273, "amount": 1.0, "side": "sell", "timestamp": 1764999270057}, {"id": "528227820", "price": 13.274, "amount": 278.0, "side": "buy", "timestamp": 1764999273245}, {"id": "528227821", "price": 13.273, "amount": 763.0, "side": "sell", "timestamp": 1764999273538}, {"id": "528227822", "price": 13.273, "amount": 309.0, "side": "sell", "timestamp": 1764999275045}, {"id": "528227823", "price": 13.273, "amount": 6.0, "side": "buy", "timestamp": 1764999275049}, {"id": "528227824", "price": 13.273, "amount": 1.0, "side": "buy", "timestamp": 1764999275522}, {"id": "528227825", "price": 13.273, "amount": 7.0, "side": "sell", "timestamp": 1764999283329}, {"id": "528227826", "price": 13.273, "amount": 1.0, "side": "sell", "timestamp": 1764999287664}, {"id": "528227827", "price": 13.273, "amount": 2.0, "side": "sell", "timestamp": 1764999289050}, {"id": "528227828", "price": 13.274, "amount": 322.0, "side": "buy", "timestamp": 1764999292018}, {"id": "528227829", "price": 13.273, "amount": 14.0, "side": "sell", "timestamp": 1764999293043}, {"id": "528227830", "price": 13.274, "amount": 186.0, "side": "buy", "timestamp": 1764999296804}, {"id": "528227831", "price": 13.275, "amount": 15.0, "side": "buy", "timestamp": 1764999296810}, {"id": "528227832", "price": 13.276, "amount": 2.0, "side": "buy", "timestamp": 1764999296918}, {"id": "528227833", "price": 13.276, "amount": 5.0, "side": "sell", "timestamp": 1764999297067}, {"id": "528227834", "price": 13.276, "amount": 1.0, "side": "sell", "timestamp": 1764999297805}, {"id": "528227835", "price": 13.276, "amount": 1.0, "side": "sell", "timestamp": 1764999302619}, {"id": "528227836", "price": 13.276, "amount": 2.0, "side": "sell", "timestamp": 1764999304431}, {"id": "528227837", "price": 13.276, "amount": 6.0, "side": "sell", "timestamp": 1764999304938}, {"id": "528227838", "price": 13.276, "amount": 1.0, "side": "sell", "timestamp": 1764999309357}, {"id": "528227839", "price": 13.277, "amount": 1.0, "side": "buy", "timestamp": 1764999309715}, {"id": "528227840", "price": 13.277, "amount": 5.0, "side": "buy", "timestamp": 1764999309872}, {"id": "528227841", "price": 13.276, "amount": 1.0, "side": "sell", "timestamp": 1764999309965}, {"id": "528227842", "price": 13.277, "amount": 2.0, "side": "buy", "timestamp": 1764999309979}, {"id": "528227843", "price": 13.276, "amount": 6.0, "side": "sell", "timestamp": 1764999309985}, {"id": "528227844", "price": 13.276, "amount": 2.0, "side": "sell", "timestamp": 1764999313043}, {"id": "528227845", "price": 13.277, "amount": 188.0, "side": "buy", "timestamp": 1764999313654}, {"id": "528227846", "price": 13.277, "amount": 2.0, "side": "sell", "timestamp": 1764999314332}, {"id": "528227847", "price": 13.278, "amount": 1.0, "side": "buy", "timestamp": 1764999314907}, {"id": "528227848", "price": 13.277, "amount": 1.0, "side": "sell", "timestamp": 1764999319676}, {"id": "528227849", "price": 13.278, "amount": 1.0, "side": "buy", "timestamp": 1764999319868}, {"id": "528227850", "price": 13.277, "amount": 1.0, "side": "sell", "timestamp": 1764999320027}, {"id": "528227851", "price": 13.277, "amount": 1.0, "side": "sell", "timestamp": 1764999320614}, {"id": "528227852", "price": 13.277, "amount": 4.0, "side": "sell", "timestamp": 1764999320737}, {"id": "528227853", "price": 13.277, "amount": 1.0, "side": "sell", "timestamp": 1764999321230}, {"id": "528227854", "price": 13.278, "amount": 239.0, "side": "buy", "timestamp": 1764999323210}, {"id": "528227855", "price": 13.278, "amount": 1.0, "side": "sell", "timestamp": 1764999323667}, {"id": "528227856", "price": 13.278, "amount": 2.0, "side": "sell", "timestamp": 1764999323910}, {"id": "528227857", "price": 13.279, "amount": 1.0, "side": "buy", "timestamp": 1764999324806}, {"id": "528227835", "price": 13.276, "amount": 1.0, "side": "sell", "timestamp": 1764999302619}, {"id": "528227836", "price": 13.276, "amount": 2.0, "side": "sell", "timestamp": 1764999304431}, {"id": "528227837", "price": 13.276, "amount": 6.0, "side": "sell", "timestamp": 1764999304938}, {"id": "528227838", "price": 13.276, "amount": 1.0, "side": "sell", "timestamp": 1764999309357}, {"id": "528227839", "price": 13.277, "amount": 1.0, "side": "buy", "timestamp": 1764999309715}, {"id": "528227840", "price": 13.277, "amount": 5.0, "side": "buy", "timestamp": 1764999309872}, {"id": "528227841", "price": 13.276, "amount": 1.0, "side": "sell", "timestamp": 1764999309965}, {"id": "528227842", "price": 13.277, "amount": 2.0, "side": "buy", "timestamp": 1764999309979}, {"id": "528227843", "price": 13.276, "amount": 6.0, "side": "sell", "timestamp": 1764999309985}, {"id": "528227844", "price": 13.276, "amount": 2.0, "side": "sell", "timestamp": 1764999313043}, {"id": "528227845", "price": 13.277, "amount": 188.0, "side": "buy", "timestamp": 1764999313654}, {"id": "528227846", "price": 13.277, "amount": 2.0, "side": "sell", "timestamp": 1764999314332}, {"id": "528227847", "price": 13.278, "amount": 1.0, "side": "buy", "timestamp": 1764999314907}, {"id": "528227848", "price": 13.277, "amount": 1.0, "side": "sell", "timestamp": 1764999319676}, {"id": "528227849", "price": 13.278, "amount": 1.0, "side": "buy", "timestamp": 1764999319868}, {"id": "528227850", "price": 13.277, "amount": 1.0, "side": "sell", "timestamp": 1764999320027}, {"id": "528227851", "price": 13.277, "amount": 1.0, "side": "sell", "timestamp": 1764999320614}, {"id": "528227852", "price": 13.277, "amount": 4.0, "side": "sell", "timestamp": 1764999320737}, {"id": "528227853", "price": 13.277, "amount": 1.0, "side": "sell", "timestamp": 1764999321230}, {"id": "528227854", "price": 13.278, "amount": 239.0, "side": "buy", "timestamp": 1764999323210}, {"id": "528227855", "price": 13.278, "amount": 1.0, "side": "sell", "timestamp": 1764999323667}, {"id": "528227856", "price": 13.278, "amount": 2.0, "side": "sell", "timestamp": 1764999323910}, {"id": "528227857", "price": 13.279, "amount": 1.0, "side": "buy", "timestamp": 1764999324806}, {"id": "528227858", "price": 13.279, "amount": 12.0, "side": "buy", "timestamp": 1764999329462}, {"id": "528227859", "price": 13.28, "amount": 14.0, "side": "buy", "timestamp": 1764999329462}, {"id": "528227860", "price": 13.279, "amount": 2.0, "side": "sell", "timestamp": 1764999329507}, {"id": "528227861", "price": 13.28, "amount": 1.0, "side": "buy", "timestamp": 1764999329928}, {"id": "528227862", "price": 13.28, "amount": 1.0, "side": "buy", "timestamp": 1764999335006}, {"id": "528227863", "price": 13.279, "amount": 1.0, "side": "sell", "timestamp": 1764999336141}, {"id": "528227864", "price": 13.279, "amount": 2.0, "side": "sell", "timestamp": 1764999349080}, {"id": "528227865", "price": 13.279, "amount": 1.0, "side": "sell", "timestamp": 1764999350183}, {"id": "528227866", "price": 13.279, "amount": 8.0, "side": "sell", "timestamp": 1764999350380}, {"id": "528227867", "price": 13.279, "amount": 1.0, "side": "sell", "timestamp": 1764999355604}, {"id": "528227868", "price": 13.279, "amount": 2.0, "side": "sell", "timestamp": 1764999357180}, {"id": "528227869", "price": 13.279, "amount": 1.0, "side": "sell", "timestamp": 1764999358096}, {"id": "528227870", "price": 13.279, "amount": 1.0, "side": "sell", "timestamp": 1764999359667}, {"id": "528227871", "price": 13.279, "amount": 1.0, "side": "sell", "timestamp": 1764999361232}, {"id": "528227872", "price": 13.28, "amount": 1.0, "side": "buy", "timestamp": 1764999365373}, {"id": "528227873", "price": 13.28, "amount": 3.0, "side": "buy", "timestamp": 1764999369856}, {"id": "528227874", "price": 13.28, "amount": 2.0, "side": "buy", "timestamp": 1764999369992}, {"id": "528227875", "price": 13.279, "amount": 1.0, "side": "sell", "timestamp": 1764999370019}, {"id": "528227876", "price": 13.28, "amount": 5.0, "side": "buy", "timestamp": 1764999370025}, {"id": "528227877", "price": 13.279, "amount": 1.0, "side": "sell", "timestamp": 1764999370072}, {"id": "528227878", "price": 13.279, "amount": 668.0, "side": "sell", "timestamp": 1764999372714}, {"id": "528227879", "price": 13.278, "amount": 1.0, "side": "sell", "timestamp": 1764999374968}, {"id": "528227880", "price": 13.278, "amount": 1.0, "side": "sell", "timestamp": 1764999375097}, {"id": "528227881", "price": 13.278, "amount": 2.0, "side": "sell", "timestamp": 1764999375842}, {"id": "528227882", "price": 13.279, "amount": 17.0, "side": "buy", "timestamp": 1764999376633}, {"id": "528227883", "price": 13.279, "amount": 1.0, "side": "buy", "timestamp": 1764999376931}, {"id": "528227884", "price": 13.278, "amount": 2.0, "side": "sell", "timestamp": 1764999378599}, {"id": "528227879", "price": 13.278, "amount": 1.0, "side": "sell", "timestamp": 1764999374968}, {"id": "528227880", "price": 13.278, "amount": 1.0, "side": "sell", "timestamp": 1764999375097}, {"id": "528227881", "price": 13.278, "amount": 2.0, "side": "sell", "timestamp": 1764999375842}, {"id": "528227882", "price": 13.279, "amount": 17.0, "side": "buy", "timestamp": 1764999376633}, {"id": "528227883", "price": 13.279, "amount": 1.0, "side": "buy", "timestamp": 1764999376931}, {"id": "528227884", "price": 13.278, "amount": 2.0, "side": "sell", "timestamp": 1764999378599}, {"id": "528227885", "price": 13.278, "amount": 1.0, "side": "sell", "timestamp": 1764999379892}, {"id": "528227886", "price": 13.278, "amount": 3.0, "side": "sell", "timestamp": 1764999382954}, {"id": "528227887", "price": 13.278, "amount": 1.0, "side": "sell", "timestamp": 1764999384710}, {"id": "528227888", "price": 13.279, "amount": 1.0, "side": "buy", "timestamp": 1764999385024}, {"id": "528227889", "price": 13.278, "amount": 1.0, "side": "sell", "timestamp": 1764999385739}, {"id": "528227890", "price": 13.278, "amount": 1.0, "side": "sell", "timestamp": 1764999387721}, {"id": "528227891", "price": 13.279, "amount": 1.0, "side": "buy", "timestamp": 1764999389792}, {"id": "528227892", "price": 13.279, "amount": 1.0, "side": "buy", "timestamp": 1764999393337}, {"id": "528227893", "price": 13.278, "amount": 1.0, "side": "sell", "timestamp": 1764999394877}, {"id": "528227894", "price": 13.279, "amount": 1.0, "side": "buy", "timestamp": 1764999395070}, {"id": "528227895", "price": 13.278, "amount": 1.0, "side": "sell", "timestamp": 1764999395672}, {"id": "528227896", "price": 13.278, "amount": 9.0, "side": "sell", "timestamp": 1764999398415}, {"id": "528227897", "price": 13.278, "amount": 1.0, "side": "sell", "timestamp": 1764999398630}, {"id": "528227898", "price": 13.278, "amount": 1.0, "side": "sell", "timestamp": 1764999399422}, {"id": "528227899", "price": 13.278, "amount": 2.0, "side": "sell", "timestamp": 1764999399669}, {"id": "528227900", "price": 13.278, "amount": 1.0, "side": "sell", "timestamp": 1764999399958}, {"id": "528227901", "price": 13.279, "amount": 1.0, "side": "buy", "timestamp": 1764999400023}, {"id": "528227902", "price": 13.278, "amount": 1.0, "side": "sell", "timestamp": 1764999401196}, {"id": "528227903", "price": 13.278, "amount": 2.0, "side": "sell", "timestamp": 1764999401512}, {"id": "528227904", "price": 13.278, "amount": 5.0, "side": "sell", "timestamp": 1764999402872}, {"id": "528227905", "price": 13.278, "amount": 2.0, "side": "sell", "timestamp": 1764999403561}, {"id": "528227906", "price": 13.279, "amount": 7.0, "side": "buy", "timestamp": 1764999407753}, {"id": "528227907", "price": 13.278, "amount": 2.0, "side": "sell", "timestamp": 1764999407809}, {"id": "528227908", "price": 13.278, "amount": 2.0, "side": "sell", "timestamp": 1764999408160}, {"id": "528227909", "price": 13.278, "amount": 2.0, "side": "sell", "timestamp": 1764999409106}, {"id": "528227910", "price": 13.278, "amount": 1.0, "side": "sell", "timestamp": 1764999409899}, {"id": "528227911", "price": 13.278, "amount": 1.0, "side": "sell", "timestamp": 1764999410764}, {"id": "528227912", "price": 13.278, "amount": 1.0, "side": "sell", "timestamp": 1764999416507}, {"id": "528227913", "price": 13.278, "amount": 2.0, "side": "sell", "timestamp": 1764999417190}, {"id": "528227914", "price": 13.278, "amount": 2.0, "side": "sell", "timestamp": 1764999417654}, {"id": "528227915", "price": 13.278, "amount": 2.0, "side": "sell", "timestamp": 1764999418609}, {"id": "528227916", "price": 13.278, "amount": 1.0, "side": "sell", "timestamp": 1764999421135}, {"id": "528227917", "price": 13.279, "amount": 12.0, "side": "buy", "timestamp": 1764999421995}, {"id": "528227918", "price": 13.279, "amount": 51.0, "side": "buy", "timestamp": 1764999423586}, {"id": "528227919", "price": 13.278, "amount": 2.0, "side": "sell", "timestamp": 1764999424616}, {"id": "528227920", "price": 13.279, "amount": 1.0, "side": "buy", "timestamp": 1764999424931}, {"id": "528227921", "price": 13.279, "amount": 1.0, "side": "buy", "timestamp": 1764999425210}, {"id": "528227922", "price": 13.278, "amount": 153.0, "side": "sell", "timestamp": 1764999425669}, {"id": "528227923", "price": 13.278, "amount": 1.0, "side": "sell", "timestamp": 1764999425889}, {"id": "528227924", "price": 13.278, "amount": 1.0, "side": "sell", "timestamp": 1764999426879}, {"id": "528227925", "price": 13.279, "amount": 3.0, "side": "buy", "timestamp": 1764999429739}, {"id": "528227926", "price": 13.279, "amount": 6.0, "side": "buy", "timestamp": 1764999429922}, {"id": "528227927", "price": 13.279, "amount": 1.0, "side": "buy", "timestamp": 1764999430099}, {"id": "528227928", "price": 13.279, "amount": 108.0, "side": "buy", "timestamp": 1764999430540}, {"id": "528227917", "price": 13.279, "amount": 12.0, "side": "buy", "timestamp": 1764999421995}, {"id": "528227918", "price": 13.279, "amount": 51.0, "side": "buy", "timestamp": 1764999423586}, {"id": "528227919", "price": 13.278, "amount": 2.0, "side": "sell", "timestamp": 1764999424616}, {"id": "528227920", "price": 13.279, "amount": 1.0, "side": "buy", "timestamp": 1764999424931}, {"id": "528227921", "price": 13.279, "amount": 1.0, "side": "buy", "timestamp": 1764999425210}, {"id": "528227922", "price": 13.278, "amount": 153.0, "side": "sell", "timestamp": 1764999425669}, {"id": "528227923", "price": 13.278, "amount": 1.0, "side": "sell", "timestamp": 1764999425889}, {"id": "528227924", "price": 13.278, "amount": 1.0, "side": "sell", "timestamp": 1764999426879}, {"id": "528227925", "price": 13.279, "amount": 3.0, "side": "buy", "timestamp": 1764999429739}, {"id": "528227926", "price": 13.279, "amount": 6.0, "side": "buy", "timestamp": 1764999429922}, {"id": "528227927", "price": 13.279, "amount": 1.0, "side": "buy", "timestamp": 1764999430099}, {"id": "528227928", "price": 13.279, "amount": 108.0, "side": "buy", "timestamp": 1764999430540}, {"id": "528227929", "price": 13.28, "amount": 42.0, "side": "buy", "timestamp": 1764999430731}, {"id": "528227930", "price": 13.279, "amount": 104.0, "side": "sell", "timestamp": 1764999430772}, {"id": "528227931", "price": 13.279, "amount": 7.0, "side": "sell", "timestamp": 1764999430964}, {"id": "528227932", "price": 13.279, "amount": 1.0, "side": "sell", "timestamp": 1764999431663}, {"id": "528227933", "price": 13.279, "amount": 24.0, "side": "sell", "timestamp": 1764999432562}, {"id": "528227934", "price": 13.279, "amount": 1.0, "side": "sell", "timestamp": 1764999432862}, {"id": "528227935", "price": 13.279, "amount": 37.0, "side": "sell", "timestamp": 1764999433233}, {"id": "528227936", "price": 13.28, "amount": 1.0, "side": "buy", "timestamp": 1764999434897}, {"id": "528227937", "price": 13.279, "amount": 1.0, "side": "sell", "timestamp": 1764999437678}, {"id": "528227938", "price": 13.28, "amount": 150.0, "side": "buy", "timestamp": 1764999439535}, {"id": "528227939", "price": 13.28, "amount": 1.0, "side": "buy", "timestamp": 1764999439851}, {"id": "528227940", "price": 13.28, "amount": 3.0, "side": "sell", "timestamp": 1764999440716}, {"id": "528227941", "price": 13.28, "amount": 2.0, "side": "sell", "timestamp": 1764999441004}, {"id": "528227942", "price": 13.281, "amount": 28.0, "side": "buy", "timestamp": 1764999443902}, {"id": "528227943", "price": 13.282, "amount": 1.0, "side": "buy", "timestamp": 1764999444898}, {"id": "528227944", "price": 13.281, "amount": 1.0, "side": "sell", "timestamp": 1764999445072}, {"id": "528227945", "price": 13.282, "amount": 2.0, "side": "buy", "timestamp": 1764999445816}, {"id": "528227946", "price": 13.281, "amount": 1.0, "side": "sell", "timestamp": 1764999446274}, {"id": "528227947", "price": 13.282, "amount": 4.0, "side": "buy", "timestamp": 1764999446290}, {"id": "528227948", "price": 13.281, "amount": 1.0, "side": "sell", "timestamp": 1764999446786}, {"id": "528227949", "price": 13.281, "amount": 9.0, "side": "sell", "timestamp": 1764999446981}, {"id": "528227950", "price": 13.282, "amount": 5.0, "side": "buy", "timestamp": 1764999448153}, {"id": "528227951", "price": 13.282, "amount": 1.0, "side": "buy", "timestamp": 1764999449907}, {"id": "528227952", "price": 13.282, "amount": 4.0, "side": "buy", "timestamp": 1764999450094}, {"id": "528227953", "price": 13.282, "amount": 5.0, "side": "buy", "timestamp": 1764999450285}, {"id": "528227954", "price": 13.281, "amount": 1.0, "side": "sell", "timestamp": 1764999450798}, {"id": "528227955", "price": 13.281, "amount": 1.0, "side": "sell", "timestamp": 1764999451144}, {"id": "528227956", "price": 13.282, "amount": 1.0, "side": "buy", "timestamp": 1764999455025}, {"id": "528227957", "price": 13.281, "amount": 52.0, "side": "sell", "timestamp": 1764999456647}, {"id": "528227958", "price": 13.282, "amount": 1.0, "side": "buy", "timestamp": 1764999459875}, {"id": "528227959", "price": 13.281, "amount": 9.0, "side": "sell", "timestamp": 1764999461461}, {"id": "528227960", "price": 13.282, "amount": 1.0, "side": "buy", "timestamp": 1764999464728}, {"id": "528227961", "price": 13.281, "amount": 1.0, "side": "sell", "timestamp": 1764999467664}, {"id": "528227962", "price": 13.281, "amount": 2.0, "side": "sell", "timestamp": 1764999469929}, {"id": "528227963", "price": 13.281, "amount": 2.0, "side": "sell", "timestamp": 1764999476314}, {"id": "528227964", "price": 13.282, "amount": 248.0, "side": "buy", "timestamp": 1764999479337}, {"id": "528227965", "price": 13.282, "amount": 1.0, "side": "sell", "timestamp": 1764999479825}, {"id": "528227966", "price": 13.282, "amount": 1.0, "side": "sell", "timestamp": 1764999480804}, {"id": "528227956", "price": 13.282, "amount": 1.0, "side": "buy", "timestamp": 1764999455025}, {"id": "528227957", "price": 13.281, "amount": 52.0, "side": "sell", "timestamp": 1764999456647}, {"id": "528227958", "price": 13.282, "amount": 1.0, "side": "buy", "timestamp": 1764999459875}, {"id": "528227959", "price": 13.281, "amount": 9.0, "side": "sell", "timestamp": 1764999461461}, {"id": "528227960", "price": 13.282, "amount": 1.0, "side": "buy", "timestamp": 1764999464728}, {"id": "528227961", "price": 13.281, "amount": 1.0, "side": "sell", "timestamp": 1764999467664}, {"id": "528227962", "price": 13.281, "amount": 2.0, "side": "sell", "timestamp": 1764999469929}, {"id": "528227963", "price": 13.281, "amount": 2.0, "side": "sell", "timestamp": 1764999476314}, {"id": "528227964", "price": 13.282, "amount": 248.0, "side": "buy", "timestamp": 1764999479337}, {"id": "528227965", "price": 13.282, "amount": 1.0, "side": "sell", "timestamp": 1764999479825}, {"id": "528227966", "price": 13.282, "amount": 1.0, "side": "sell", "timestamp": 1764999480804}, {"id": "528227967", "price": 13.283, "amount": 1.0, "side": "buy", "timestamp": 1764999484765}, {"id": "528227968", "price": 13.283, "amount": 1.0, "side": "buy", "timestamp": 1764999485390}, {"id": "528227969", "price": 13.283, "amount": 11.0, "side": "buy", "timestamp": 1764999486408}, {"id": "528227970", "price": 13.284, "amount": 5.0, "side": "buy", "timestamp": 1764999486408}, {"id": "528227971", "price": 13.284, "amount": 107.0, "side": "buy", "timestamp": 1764999486800}, {"id": "528227972", "price": 13.284, "amount": 1.0, "side": "sell", "timestamp": 1764999487701}, {"id": "528227973", "price": 13.285, "amount": 5.0, "side": "buy", "timestamp": 1764999489752}, {"id": "528227974", "price": 13.285, "amount": 1.0, "side": "buy", "timestamp": 1764999489899}, {"id": "528227975", "price": 13.285, "amount": 2.0, "side": "buy", "timestamp": 1764999490062}, {"id": "528227976", "price": 13.284, "amount": 4.0, "side": "sell", "timestamp": 1764999490443}, {"id": "528227977", "price": 13.285, "amount": 12.0, "side": "buy", "timestamp": 1764999490916}, {"id": "528227978", "price": 13.286, "amount": 1.0, "side": "buy", "timestamp": 1764999490930}, {"id": "528227979", "price": 13.286, "amount": 1.0, "side": "buy", "timestamp": 1764999494753}, {"id": "528227980", "price": 13.285, "amount": 2.0, "side": "sell", "timestamp": 1764999494815}, {"id": "528227981", "price": 13.286, "amount": 229.0, "side": "buy", "timestamp": 1764999495504}, {"id": "528227982", "price": 13.286, "amount": 2.0, "side": "sell", "timestamp": 1764999495591}, {"id": "528227983", "price": 13.287, "amount": 13.0, "side": "buy", "timestamp": 1764999496704}, {"id": "528227984", "price": 13.288, "amount": 1.0, "side": "buy", "timestamp": 1764999500091}, {"id": "528227985", "price": 13.288, "amount": 19.0, "side": "buy", "timestamp": 1764999500445}, {"id": "528227986", "price": 13.289, "amount": 58.0, "side": "buy", "timestamp": 1764999500449}, {"id": "528227987", "price": 13.29, "amount": 218.0, "side": "buy", "timestamp": 1764999500450}, {"id": "528227988", "price": 13.29, "amount": 25.0, "side": "buy", "timestamp": 1764999500649}, {"id": "528227989", "price": 13.291, "amount": 44.0, "side": "buy", "timestamp": 1764999500650}, {"id": "528227990", "price": 13.292, "amount": 87.0, "side": "buy", "timestamp": 1764999500650}, {"id": "528227991", "price": 13.291, "amount": 3.0, "side": "sell", "timestamp": 1764999501206}, {"id": "528227992", "price": 13.292, "amount": 1.0, "side": "buy", "timestamp": 1764999503663}, {"id": "528227993", "price": 13.292, "amount": 1.0, "side": "buy", "timestamp": 1764999504898}, {"id": "528227994", "price": 13.292, "amount": 2.0, "side": "buy", "timestamp": 1764999505814}, {"id": "528227995", "price": 13.291, "amount": 2.0, "side": "sell", "timestamp": 1764999506185}, {"id": "528227996", "price": 13.291, "amount": 1.0, "side": "sell", "timestamp": 1764999507712}, {"id": "528227997", "price": 13.291, "amount": 8.0, "side": "sell", "timestamp": 1764999509499}, {"id": "528227998", "price": 13.292, "amount": 1.0, "side": "buy", "timestamp": 1764999509748}, {"id": "528227999", "price": 13.292, "amount": 1.0, "side": "buy", "timestamp": 1764999514873}, {"id": "528228000", "price": 13.292, "amount": 1.0, "side": "buy", "timestamp": 1764999519743}, {"id": "528228001", "price": 13.292, "amount": 39.0, "side": "buy", "timestamp": 1764999526400}, {"id": "528228002", "price": 13.293, "amount": 11.0, "side": "buy", "timestamp": 1764999526400}, {"id": "528228003", "price": 13.294, "amount": 336.0, "side": "buy", "timestamp": 1764999526400}, {"id": "528228004", "price": 13.295, "amount": 101.0, "side": "buy", "timestamp": 1764999526400}, {"id": "528228005", "price": 13.293, "amount": 1.0, "side": "sell", "timestamp": 1764999527496}]