[{"id": "2999742387", "price": 89582.4, "amount": 0.003, "side": "buy", "timestamp": 1764998530399}, {"id": "2999742388", "price": 89582.7, "amount": 0.003, "side": "buy", "timestamp": 1764998530406}, {"id": "2999742389", "price": 89582.8, "amount": 0.002, "side": "buy", "timestamp": 1764998530406}, {"id": "2999742390", "price": 89583.2, "amount": 0.003, "side": "buy", "timestamp": 1764998530406}, {"id": "2999742391", "price": 89583.3, "amount": 0.013, "side": "buy", "timestamp": 1764998530406}, {"id": "2999742392", "price": 89583.4, "amount": 0.003, "side": "buy", "timestamp": 1764998530406}, {"id": "2999742393", "price": 89583.5, "amount": 0.003, "side": "buy", "timestamp": 1764998530406}, {"id": "2999742394", "price": 89583.6, "amount": 0.011, "side": "buy", "timestamp": 1764998530406}, {"id": "2999742395", "price": 89583.7, "amount": 0.005, "side": "buy", "timestamp": 1764998530406}, {"id": "2999742396", "price": 89583.9, "amount": 0.003, "side": "buy", "timestamp": 1764998530411}, {"id": "2999742397", "price": 89584.0, "amount": 0.004, "side": "buy", "timestamp": 1764998530411}, {"id": "2999742398", "price": 89584.2, "amount": 0.003, "side": "buy", "timestamp": 1764998530411}, {"id": "2999742399", "price": 89584.3, "amount": 0.015, "side": "buy", "timestamp": 1764998530411}, {"id": "2999742400", "price": 89584.4, "amount": 0.003, "side": "buy", "timestamp": 1764998530414}, {"id": "2999742401", "price": 89584.7, "amount": 0.003, "side": "buy", "timestamp": 1764998530414}, {"id": "2999742402", "price": 89585.0, "amount": 0.002, "side": "buy", "timestamp": 1764998530420}, {"id": "2999742403", "price": 89585.1, "amount": 0.019, "side": "buy", "timestamp": 1764998530420}, {"id": "2999742404", "price": 89585.2, "amount": 0.002, "side": "buy", "timestamp": 1764998530456}, {"id": "2999742405", "price": 89585.4, "amount": 0.003, "side": "buy", "timestamp": 1764998530456}, {"id": "2999742406", "price": 89585.5, "amount": 0.002, "side": "buy", "timestamp": 1764998530456}, {"id": "2999742407", "price": 89585.6, "amount": 0.003, "side": "buy", "timestamp": 1764998530456}, {"id": "2999742408", "price": 89585.9, "amount": 0.003, "side": "buy", "timestamp": 1764998530456}, {"id": "2999742409", "price": 89586.0, "amount": 0.004, "side": "buy", "timestamp": 1764998530456}, {"id": "2999742410", "price": 89586.1, "amount": 0.003, "side": "buy", "timestamp": 1764998530456}, {"id": "2999742411", "price": 89586.3, "amount": 0.002, "side": "buy", "timestamp": 1764998530456}, {"id": "2999742412", "price": 89586.4, "amount": 0.003, "side": "buy", "timestamp": 1764998530456}, {"id": "2999742413", "price": 89586.8, "amount": 0.003, "side": "buy", "timestamp": 1764998530517}, {"id": "2999742414", "price": 89587.2, "amount": 0.003, "side": "buy", "timestamp": 1764998530517}, {"id": "2999742415", "price": 89587.3, "amount": 0.003, "side": "buy", "timestamp": 1764998530517}, {"id": "2999742416", "price": 89587.8, "amount": 0.003, "side": "buy", "timestamp": 1764998530551}, {"id": "2999742417", "price": 89588.4, "amount": 0.004, "side": "buy", "timestamp": 1764998530553}, {"id": "2999742418", "price": 89588.5, "amount": 0.008, "side": "buy", "timestamp": 1764998530553}, {"id": "2999742419", "price": 89588.7, "amount": 0.002, "side": "buy", "timestamp": 1764998530553}, {"id": "2999742420", "price": 89589.0, "amount": 0.003, "side": "buy", "timestamp": 1764998530563}, {"id": "2999742421", "price": 89589.6, "amount": 0.003, "side": "buy", "timestamp": 1764998530563}, {"id": "2999742422", "price": 89589.8, "amount": 0.003, "side": "buy", "timestamp": 1764998530563}, {"id": "2999742423", "price": 89590.0, "amount": 0.002, "side": "buy", "timestamp": 1764998530563}, {"id": "2999742424", "price": 89590.5, "amount": 0.003, "side": "buy", "timestamp": 1764998530598}, {"id": "2999742425", "price": 89590.9, "amount": 0.002, "side": "buy", "timestamp": 1764998530598}, {"id": "2999742426", "price": 89591.2, "amount": 0.003, "side": "buy", "timestamp": 1764998530598}, {"id": "2999742427", "price": 89591.4, "amount": 0.002, "side": "buy", "timestamp": 1764998530598}, {"id": "2999742428", "price": 89591.7, "amount": 0.07, "side": "buy", "timestamp": 1764998530636}, {"id": "2999742429", "price": 89591.8, "amount": 0.021, "side": "buy", "timestamp": 1764998530640}, {"id": "2999742430", "price": 89591.7, "amount": 0.056, "side": "sell", "timestamp": 1764998531270}, {"id": "2999742431", "price": 89591.8, "amount": 0.002, "side": "buy", "timestamp": 1764998531371}, {"id": "2999742432", "price": 89591.7, "amount": 0.558, "side": "sell", "timestamp": 1764998531808}, {"id": "2999742433", "price": 89591.7, "amount": 0.02, "side": "sell", "timestamp": 1764998532809}, {"id": "2999742434", "price": 89591.7, "amount": 0.01, "side": "sell", "timestamp": 1764998533801}, {"id": "2999742435", "price": 89591.8, "amount": 0.002, "side": "buy", "timestamp": 1764998534396}, {"id": "2999742436", "price": 89591.8, "amount": 0.002, "side": "buy", "timestamp": 1764998534561}, {"id": "2999742691", "price": 89567.8, "amount": 0.003, "side": "sell", "timestamp": 1764998566050}, {"id": "2999742692", "price": 89567.6, "amount": 0.003, "side": "sell", "timestamp": 1764998566053}, {"id": "2999742693", "price": 89567.4, "amount": 0.008, "side": "sell", "timestamp": 1764998566053}, {"id": "2999742694", "price": 89567.3, "amount": 0.003, "side": "sell", "timestamp": 1764998566053}, {"id": "2999742695", "price": 89567.1, "amount": 0.002, "side": "sell", "timestamp": 1764998566053}, {"id": "2999742696", "price": 89566.7, "amount": 0.036, "side": "sell", "timestamp": 1764998566056}, {"id": "2999742697", "price": 89566.2, "amount": 0.003, "side": "sell", "timestamp": 1764998566062}, {"id": "2999742698", "price": 89566.1, "amount": 0.017, "side": "sell", "timestamp": 1764998566340}, {"id": "2999742699", "price": 89566.2, "amount": 0.002, "side": "buy", "timestamp": 1764998566381}, {"id": "2999742700", "price": 89566.1, "amount": 0.041, "side": "sell", "timestamp": 1764998566505}, {"id": "2999742701", "price": 89566.1, "amount": 0.017, "side": "sell", "timestamp": 1764998567749}, {"id": "2999742702", "price": 89566.2, "amount": 0.002, "side": "buy", "timestamp": 1764998567810}, {"id": "2999742703", "price": 89566.2, "amount": 0.002, "side": "buy", "timestamp": 1764998568421}, {"id": "2999742704", "price": 89566.2, "amount": 0.004, "side": "buy", "timestamp": 1764998568588}, {"id": "2999742705", "price": 89566.2, "amount": 0.01, "side": "buy", "timestamp": 1764998568897}, {"id": "2999742706", "price": 89566.1, "amount": 0.002, "side": "sell", "timestamp": 1764998569070}, {"id": "2999742707", "price": 89566.1, "amount": 0.057, "side": "sell", "timestamp": 1764998569394}, {"id": "2999742708", "price": 89566.1, "amount": 0.003, "side": "sell", "timestamp": 1764998569606}, {"id": "2999742709", "price": 89566.1, "amount": 0.279, "side": "sell", "timestamp": 1764998569788}, {"id": "2999742710", "price": 89566.1, "amount": 0.002, "side": "sell", "timestamp": 1764998570787}, {"id": "2999742711", "price": 89566.2, "amount": 0.002, "side": "buy", "timestamp": 1764998570823}, {"id": "2999742712", "price": 89566.1, "amount": 0.002, "side": "sell", "timestamp": 1764998572095}, {"id": "2999742713", "price": 89566.1, "amount": 0.032, "side": "sell", "timestamp": 1764998572433}, {"id": "2999742714", "price": 89566.0, "amount": 0.002, "side": "sell", "timestamp": 1764998573134}, {"id": "2999742715", "price": 89566.1, "amount": 0.002, "side": "buy", "timestamp": 1764998573849}, {"id": "2999742716", "price": 89566.0, "amount": 0.002, "side": "sell", "timestamp": 1764998575104}, {"id": "2999742717", "price": 89566.1, "amount": 0.004, "side": "buy", "timestamp": 1764998576390}, {"id": "2999742718", "price": 89566.1, "amount": 0.002, "side": "buy", "timestamp": 1764998576874}, {"id": "2999742719", "price": 89566.0, "amount": 0.003, "side": "sell", "timestamp": 1764998577773}, {"id": "2999742720", "price": 89566.0, "amount": 0.007, "side": "sell", "timestamp": 1764998578087}, {"id": "2999742721", "price": 89566.1, "amount": 0.002, "side": "buy", "timestamp": 1764998578373}, {"id": "2999742722", "price": 89566.0, "amount": 0.005, "side": "sell", "timestamp": 1764998578593}, {"id": "2999742723", "price": 89566.1, "amount": 0.004, "side": "buy", "timestamp": 1764998579811}, {"id": "2999742724", "price": 89566.0, "amount": 0.013, "side": "sell", "timestamp": 1764998579992}, {"id": "2999742725", "price": 89566.0, "amount": 0.279, "side": "sell", "timestamp": 1764998580338}, {"id": "2999742726", "price": 89566.1, "amount": 0.055, "side": "buy", "timestamp": 1764998580361}, {"id": "2999742727", "price": 89566.0, "amount": 0.006, "side": "sell", "timestamp": 1764998580461}, {"id": "2999742728", "price": 89566.0, "amount": 0.004, "side": "sell", "timestamp": 1764998581134}, {"id": "2999742729", "price": 89566.1, "amount": 0.002, "side": "buy", "timestamp": 1764998581624}, {"id": "2999742730", "price": 89566.1, "amount": 0.002, "side": "buy", "timestamp": 1764998582926}, {"id": "2999742731", "price": 89566.1, "amount": 1.674, "side": "buy", "timestamp": 1764998583058}, {"id": "2999742732", "price": 89566.0, "amount": 0.025, "side": "sell", "timestamp": 1764998583082}, {"id": "2999742733", "price": 89566.0, "amount": 0.088, "side": "sell", "timestamp": 1764998583266}, {"id": "2999742734", "price": 89566.0, "amount": 0.002, "side": "sell", "timestamp": 1764998584162}, {"id": "2999742735", "price": 89566.0, "amount": 0.316, "side": "sell", "timestamp": 1764998584803}, {"id": "2999742736", "price": 89566.1, "amount": 0.002, "side": "buy", "timestamp": 1764998585950}, {"id": "2999742737", "price": 89566.0, "amount": 0.102, "side": "sell", "timestamp": 1764998586216}, {"id": "2999742738", "price": 89566.1, "amount": 0.001, "side": "buy", "timestamp": 1764998586551}, {"id": "2999742739", "price": 89566.1, "amount": 0.073, "side": "buy", "timestamp": 1764998586736}, {"id": "2999742740", "price": 89566.0, "amount": 0.004, "side": "sell", "timestamp": 1764998587195}, {"id": "2999743033", "price": 89599.1, "amount": 0.02, "side": "buy", "timestamp": 1764998627088}, {"id": "2999743034", "price": 89599.1, "amount": 0.797, "side": "buy", "timestamp": 1764998628084}, {"id": "2999743035", "price": 89599.2, "amount": 0.002, "side": "buy", "timestamp": 1764998628084}, {"id": "2999743036", "price": 89599.3, "amount": 0.003, "side": "buy", "timestamp": 1764998628084}, {"id": "2999743037", "price": 89599.4, "amount": 0.002, "side": "buy", "timestamp": 1764998628084}, {"id": "2999743038", "price": 89599.5, "amount": 0.006, "side": "buy", "timestamp": 1764998628084}, {"id": "2999743039", "price": 89599.9, "amount": 0.234, "side": "buy", "timestamp": 1764998628084}, {"id": "2999743040", "price": 89600.0, "amount": 0.018, "side": "buy", "timestamp": 1764998628179}, {"id": "2999743041", "price": 89600.0, "amount": 0.002, "side": "buy", "timestamp": 1764998628384}, {"id": "2999743042", "price": 89599.9, "amount": 1.682, "side": "sell", "timestamp": 1764998628878}, {"id": "2999743043", "price": 89600.0, "amount": 0.02, "side": "buy", "timestamp": 1764998629082}, {"id": "2999743044", "price": 89600.0, "amount": 0.02, "side": "buy", "timestamp": 1764998629368}, {"id": "2999743045", "price": 89599.9, "amount": 0.002, "side": "sell", "timestamp": 1764998629449}, {"id": "2999743046", "price": 89600.0, "amount": 0.02, "side": "buy", "timestamp": 1764998629761}, {"id": "2999743047", "price": 89599.9, "amount": 0.055, "side": "sell", "timestamp": 1764998630042}, {"id": "2999743048", "price": 89600.0, "amount": 0.02, "side": "buy", "timestamp": 1764998630060}, {"id": "2999743049", "price": 89600.0, "amount": 0.02, "side": "buy", "timestamp": 1764998630554}, {"id": "2999743050", "price": 89600.0, "amount": 1.0, "side": "buy", "timestamp": 1764998630666}, {"id": "2999743051", "price": 89599.9, "amount": 0.011, "side": "sell", "timestamp": 1764998630754}, {"id": "2999743052", "price": 89600.0, "amount": 0.02, "side": "buy", "timestamp": 1764998630839}, {"id": "2999743053", "price": 89600.0, "amount": 0.002, "side": "buy", "timestamp": 1764998631407}, {"id": "2999743054", "price": 89600.0, "amount": 0.02, "side": "buy", "timestamp": 1764998631508}, {"id": "2999743055", "price": 89600.0, "amount": 0.02, "side": "buy", "timestamp": 1764998631793}, {"id": "2999743056", "price": 89600.0, "amount": 0.02, "side": "buy", "timestamp": 1764998632268}, {"id": "2999743057", "price": 89599.9, "amount": 0.004, "side": "sell", "timestamp": 1764998632396}, {"id": "2999743058", "price": 89600.0, "amount": 0.02, "side": "buy", "timestamp": 1764998632545}, {"id": "2999743059", "price": 89599.9, "amount": 0.21, "side": "sell", "timestamp": 1764998632567}, {"id": "2999743060", "price": 89600.0, "amount": 1.0, "side": "buy", "timestamp": 1764998633213}, {"id": "2999743061", "price": 89600.0, "amount": 0.002, "side": "buy", "timestamp": 1764998633782}, {"id": "2999743062", "price": 89600.0, "amount": 0.02, "side": "buy", "timestamp": 1764998634013}, {"id": "2999743063", "price": 89600.0, "amount": 0.022, "side": "buy", "timestamp": 1764998634201}, {"id": "2999743064", "price": 89600.0, "amount": 0.002, "side": "buy", "timestamp": 1764998634433}, {"id": "2999743065", "price": 89600.0, "amount": 0.03, "side": "buy", "timestamp": 1764998635203}, {"id": "2999743066", "price": 89599.9, "amount": 0.1, "side": "sell", "timestamp": 1764998635209}, {"id": "2999743067", "price": 89600.0, "amount": 0.013, "side": "buy", "timestamp": 1764998635256}, {"id": "2999743068", "price": 89599.9, "amount": 0.002, "side": "sell", "timestamp": 1764998635483}, {"id": "2999743069", "price": 89600.0, "amount": 0.02, "side": "buy", "timestamp": 1764998635711}, {"id": "2999743070", "price": 89599.9, "amount": 0.001, "side": "sell", "timestamp": 1764998635820}, {"id": "2999743071", "price": 89600.0, "amount": 0.02, "side": "buy", "timestamp": 1764998635999}, {"id": "2999743072", "price": 89599.9, "amount": 0.002, "side": "sell", "timestamp": 1764998636173}, {"id": "2999743073", "price": 89599.9, "amount": 0.002, "side": "sell", "timestamp": 1764998636532}, {"id": "2999743074", "price": 89600.0, "amount": 0.014, "side": "buy", "timestamp": 1764998636674}, {"id": "2999743075", "price": 89600.0, "amount": 0.02, "side": "buy", "timestamp": 1764998637014}, {"id": "2999743076", "price": 89600.0, "amount": 0.01, "side": "buy", "timestamp": 1764998637157}, {"id": "2999743077", "price": 89600.0, "amount": 0.02, "side": "buy", "timestamp": 1764998637299}, {"id": "2999743078", "price": 89600.0, "amount": 0.002, "side": "buy", "timestamp": 1764998637458}, {"id": "2999743079", "price": 89600.0, "amount": 0.02, "side": "buy", "timestamp": 1764998638018}, {"id": "2999743080", "price": 89600.0, "amount": 0.02, "side": "buy", "timestamp": 1764998638304}, {"id": "2999743081", "price": 89599.9, "amount": 0.279, "side": "sell", "timestamp": 1764998638345}, {"id": "2999743082", "price": 89599.9, "amount": 0.002, "side": "sell", "timestamp": 1764998638494}, {"id": "2999743424", "price": 89602.4, "amount": 0.052, "side": "buy", "timestamp": 1764998681960}, {"id": "2999743425", "price": 89602.6, "amount": 0.003, "side": "buy", "timestamp": 1764998681963}, {"id": "2999743426", "price": 89603.0, "amount": 0.004, "side": "buy", "timestamp": 1764998681963}, {"id": "2999743427", "price": 89603.4, "amount": 0.005, "side": "buy", "timestamp": 1764998681967}, {"id": "2999743428", "price": 89603.9, "amount": 0.004, "side": "buy", "timestamp": 1764998681967}, {"id": "2999743429", "price": 89604.0, "amount": 0.022, "side": "buy", "timestamp": 1764998682066}, {"id": "2999743430", "price": 89604.1, "amount": 0.002, "side": "buy", "timestamp": 1764998682066}, {"id": "2999743431", "price": 89604.2, "amount": 0.022, "side": "buy", "timestamp": 1764998682069}, {"id": "2999743432", "price": 89604.3, "amount": 0.002, "side": "buy", "timestamp": 1764998682076}, {"id": "2999743433", "price": 89604.5, "amount": 0.003, "side": "buy", "timestamp": 1764998682078}, {"id": "2999743434", "price": 89604.8, "amount": 0.033, "side": "buy", "timestamp": 1764998682166}, {"id": "2999743435", "price": 89604.9, "amount": 0.002, "side": "buy", "timestamp": 1764998682168}, {"id": "2999743436", "price": 89605.0, "amount": 0.003, "side": "buy", "timestamp": 1764998682168}, {"id": "2999743437", "price": 89605.3, "amount": 0.039, "side": "buy", "timestamp": 1764998682173}, {"id": "2999743438", "price": 89605.6, "amount": 0.022, "side": "buy", "timestamp": 1764998682672}, {"id": "2999743439", "price": 89605.6, "amount": 0.02, "side": "buy", "timestamp": 1764998682967}, {"id": "2999743440", "price": 89605.5, "amount": 0.002, "side": "sell", "timestamp": 1764998683818}, {"id": "2999743441", "price": 89605.5, "amount": 0.001, "side": "sell", "timestamp": 1764998684128}, {"id": "2999743442", "price": 89605.6, "amount": 0.3, "side": "buy", "timestamp": 1764998684294}, {"id": "2999743443", "price": 89605.6, "amount": 0.155, "side": "buy", "timestamp": 1764998684611}, {"id": "2999743444", "price": 89605.7, "amount": 0.018, "side": "buy", "timestamp": 1764998684611}, {"id": "2999743445", "price": 89606.0, "amount": 0.002, "side": "buy", "timestamp": 1764998684613}, {"id": "2999743446", "price": 89606.1, "amount": 0.003, "side": "buy", "timestamp": 1764998684613}, {"id": "2999743447", "price": 89606.3, "amount": 0.013, "side": "buy", "timestamp": 1764998684613}, {"id": "2999743448", "price": 89606.4, "amount": 0.05, "side": "buy", "timestamp": 1764998684613}, {"id": "2999743449", "price": 89606.7, "amount": 0.016, "side": "buy", "timestamp": 1764998684639}, {"id": "2999743450", "price": 89606.8, "amount": 0.002, "side": "buy", "timestamp": 1764998684639}, {"id": "2999743451", "price": 89606.9, "amount": 0.003, "side": "buy", "timestamp": 1764998684639}, {"id": "2999743452", "price": 89607.5, "amount": 0.013, "side": "buy", "timestamp": 1764998684648}, {"id": "2999743453", "price": 89607.5, "amount": 0.007, "side": "sell", "timestamp": 1764998684662}, {"id": "2999743454", "price": 89607.6, "amount": 0.02, "side": "buy", "timestamp": 1764998685279}, {"id": "2999743455", "price": 89607.5, "amount": 2.418, "side": "sell", "timestamp": 1764998685400}, {"id": "2999743456", "price": 89607.6, "amount": 0.02, "side": "buy", "timestamp": 1764998685565}, {"id": "2999743457", "price": 89607.6, "amount": 0.002, "side": "buy", "timestamp": 1764998685784}, {"id": "2999743458", "price": 89607.6, "amount": 0.02, "side": "buy", "timestamp": 1764998686029}, {"id": "2999743459", "price": 89607.6, "amount": 0.02, "side": "buy", "timestamp": 1764998686323}, {"id": "2999743460", "price": 89607.6, "amount": 0.02, "side": "buy", "timestamp": 1764998686780}, {"id": "2999743461", "price": 89607.5, "amount": 0.002, "side": "sell", "timestamp": 1764998686841}, {"id": "2999743462", "price": 89607.6, "amount": 0.02, "side": "buy", "timestamp": 1764998687065}, {"id": "2999743463", "price": 89607.6, "amount": 0.138, "side": "buy", "timestamp": 1764998687173}, {"id": "2999743464", "price": 89607.6, "amount": 0.065, "side": "buy", "timestamp": 1764998687529}, {"id": "2999743465", "price": 89607.7, "amount": 0.017, "side": "buy", "timestamp": 1764998687533}, {"id": "2999743466", "price": 89607.7, "amount": 0.02, "side": "buy", "timestamp": 1764998687816}, {"id": "2999743467", "price": 89607.7, "amount": 0.02, "side": "buy", "timestamp": 1764998688283}, {"id": "2999743468", "price": 89607.7, "amount": 0.02, "side": "buy", "timestamp": 1764998688570}, {"id": "2999743469", "price": 89607.7, "amount": 0.002, "side": "buy", "timestamp": 1764998688798}, {"id": "2999743470", "price": 89607.6, "amount": 0.014, "side": "sell", "timestamp": 1764998688914}, {"id": "2999743471", "price": 89607.7, "amount": 0.02, "side": "buy", "timestamp": 1764998689108}, {"id": "2999743472", "price": 89607.7, "amount": 0.02, "side": "buy", "timestamp": 1764998689404}, {"id": "2999743473", "price": 89607.6, "amount": 0.002, "side": "sell", "timestamp": 1764998689853}, {"id": "2999743812", "price": 89559.8, "amount": 0.003, "side": "sell", "timestamp": 1764998732139}, {"id": "2999743813", "price": 89559.7, "amount": 0.024, "side": "sell", "timestamp": 1764998732143}, {"id": "2999743814", "price": 89559.3, "amount": 0.053, "side": "sell", "timestamp": 1764998732145}, {"id": "2999743815", "price": 89559.4, "amount": 0.007, "side": "buy", "timestamp": 1764998732170}, {"id": "2999743816", "price": 89559.3, "amount": 0.484, "side": "sell", "timestamp": 1764998732353}, {"id": "2999743817", "price": 89559.2, "amount": 0.018, "side": "sell", "timestamp": 1764998732379}, {"id": "2999743818", "price": 89559.0, "amount": 0.004, "side": "sell", "timestamp": 1764998732379}, {"id": "2999743819", "price": 89558.8, "amount": 0.003, "side": "sell", "timestamp": 1764998732379}, {"id": "2999743820", "price": 89558.3, "amount": 0.003, "side": "sell", "timestamp": 1764998732379}, {"id": "2999743821", "price": 89558.0, "amount": 0.002, "side": "sell", "timestamp": 1764998732379}, {"id": "2999743822", "price": 89557.8, "amount": 0.005, "side": "sell", "timestamp": 1764998732379}, {"id": "2999743823", "price": 89557.6, "amount": 0.002, "side": "sell", "timestamp": 1764998732379}, {"id": "2999743824", "price": 89557.4, "amount": 0.005, "side": "sell", "timestamp": 1764998732379}, {"id": "2999743825", "price": 89557.3, "amount": 0.02, "side": "sell", "timestamp": 1764998732379}, {"id": "2999743826", "price": 89557.0, "amount": 0.018, "side": "sell", "timestamp": 1764998732379}, {"id": "2999743827", "price": 89556.9, "amount": 0.003, "side": "sell", "timestamp": 1764998732379}, {"id": "2999743828", "price": 89556.8, "amount": 0.003, "side": "sell", "timestamp": 1764998732379}, {"id": "2999743829", "price": 89556.3, "amount": 0.005, "side": "sell", "timestamp": 1764998732379}, {"id": "2999743830", "price": 89556.2, "amount": 0.005, "side": "sell", "timestamp": 1764998732379}, {"id": "2999743831", "price": 89556.1, "amount": 0.003, "side": "sell", "timestamp": 1764998732379}, {"id": "2999743832", "price": 89556.0, "amount": 0.002, "side": "sell", "timestamp": 1764998732379}, {"id": "2999743833", "price": 89555.8, "amount": 0.003, "side": "sell", "timestamp": 1764998732379}, {"id": "2999743834", "price": 89555.6, "amount": 0.002, "side": "sell", "timestamp": 1764998732379}, {"id": "2999743835", "price": 89555.5, "amount": 0.002, "side": "sell", "timestamp": 1764998732379}, {"id": "2999743836", "price": 89555.3, "amount": 0.006, "side": "sell", "timestamp": 1764998732379}, {"id": "2999743837", "price": 89555.2, "amount": 0.002, "side": "sell", "timestamp": 1764998732379}, {"id": "2999743838", "price": 89555.1, "amount": 0.002, "side": "buy", "timestamp": 1764998732800}, {"id": "2999743839", "price": 89555.0, "amount": 0.056, "side": "sell", "timestamp": 1764998733090}, {"id": "2999743840", "price": 89555.0, "amount": 0.141, "side": "sell", "timestamp": 1764998733497}, {"id": "2999743841", "price": 89555.0, "amount": 0.015, "side": "sell", "timestamp": 1764998733646}, {"id": "2999743842", "price": 89555.0, "amount": 0.836, "side": "sell", "timestamp": 1764998733974}, {"id": "2999743843", "price": 89555.1, "amount": 0.005, "side": "buy", "timestamp": 1764998734153}, {"id": "2999743844", "price": 89555.0, "amount": 0.002, "side": "sell", "timestamp": 1764998735190}, {"id": "2999743845", "price": 89555.1, "amount": 0.002, "side": "buy", "timestamp": 1764998735934}, {"id": "2999743846", "price": 89555.1, "amount": 0.007, "side": "buy", "timestamp": 1764998736697}, {"id": "2999743847", "price": 89555.0, "amount": 0.005, "side": "sell", "timestamp": 1764998736707}, {"id": "2999743848", "price": 89555.1, "amount": 0.002, "side": "buy", "timestamp": 1764998737234}, {"id": "2999743849", "price": 89555.0, "amount": 0.056, "side": "sell", "timestamp": 1764998737361}, {"id": "2999743850", "price": 89555.0, "amount": 0.004, "side": "sell", "timestamp": 1764998737472}, {"id": "2999743851", "price": 89555.1, "amount": 0.032, "side": "buy", "timestamp": 1764998737846}, {"id": "2999743852", "price": 89555.0, "amount": 0.025, "side": "sell", "timestamp": 1764998738215}, {"id": "2999743853", "price": 89555.0, "amount": 0.051, "side": "sell", "timestamp": 1764998738566}, {"id": "2999743854", "price": 89555.1, "amount": 0.002, "side": "buy", "timestamp": 1764998738576}, {"id": "2999743855", "price": 89555.0, "amount": 0.026, "side": "sell", "timestamp": 1764998739327}, {"id": "2999743856", "price": 89555.0, "amount": 0.11, "side": "sell", "timestamp": 1764998739741}, {"id": "2999743857", "price": 89555.1, "amount": 0.004, "side": "buy", "timestamp": 1764998739781}, {"id": "2999743858", "price": 89555.0, "amount": 0.25, "side": "sell", "timestamp": 1764998739967}, {"id": "2999743859", "price": 89555.1, "amount": 0.061, "side": "buy", "timestamp": 1764998740258}, {"id": "2999743860", "price": 89555.0, "amount": 0.002, "side": "sell", "timestamp": 1764998741239}, {"id": "2999743861", "price": 89555.1, "amount": 0.1, "side": "buy", "timestamp": 1764998741457}, {"id": "2999744019", "price": 89548.4, "amount": 0.002, "side": "buy", "timestamp": 1764998788615}, {"id": "2999744020", "price": 89548.4, "amount": 0.002, "side": "buy", "timestamp": 1764998789277}, {"id": "2999744021", "price": 89548.3, "amount": 0.01, "side": "sell", "timestamp": 1764998789341}, {"id": "2999744022", "price": 89548.3, "amount": 0.002, "side": "sell", "timestamp": 1764998789549}, {"id": "2999744023", "price": 89548.3, "amount": 0.002, "side": "sell", "timestamp": 1764998789656}, {"id": "2999744024", "price": 89548.3, "amount": 0.028, "side": "sell", "timestamp": 1764998790199}, {"id": "2999744025", "price": 89548.3, "amount": 0.002, "side": "sell", "timestamp": 1764998790954}, {"id": "2999744026", "price": 89548.3, "amount": 0.026, "side": "sell", "timestamp": 1764998791273}, {"id": "2999744027", "price": 89548.2, "amount": 0.007, "side": "sell", "timestamp": 1764998791275}, {"id": "2999744028", "price": 89547.9, "amount": 0.022, "side": "sell", "timestamp": 1764998791280}, {"id": "2999744029", "price": 89547.8, "amount": 0.01, "side": "sell", "timestamp": 1764998791282}, {"id": "2999744030", "price": 89547.3, "amount": 0.028, "side": "sell", "timestamp": 1764998791287}, {"id": "2999744031", "price": 89546.8, "amount": 0.006, "side": "sell", "timestamp": 1764998791289}, {"id": "2999744032", "price": 89546.7, "amount": 0.003, "side": "sell", "timestamp": 1764998791289}, {"id": "2999744033", "price": 89546.6, "amount": 0.003, "side": "sell", "timestamp": 1764998791289}, {"id": "2999744034", "price": 89546.5, "amount": 0.003, "side": "sell", "timestamp": 1764998791289}, {"id": "2999744035", "price": 89546.4, "amount": 0.003, "side": "sell", "timestamp": 1764998791289}, {"id": "2999744036", "price": 89546.3, "amount": 0.02, "side": "sell", "timestamp": 1764998791292}, {"id": "2999744037", "price": 89546.2, "amount": 0.038, "side": "sell", "timestamp": 1764998791296}, {"id": "2999744038", "price": 89546.3, "amount": 1.0, "side": "buy", "timestamp": 1764998791315}, {"id": "2999744039", "price": 89546.2, "amount": 0.013, "side": "sell", "timestamp": 1764998791414}, {"id": "2999744040", "price": 89546.1, "amount": 0.019, "side": "sell", "timestamp": 1764998791494}, {"id": "2999744041", "price": 89546.0, "amount": 0.006, "side": "sell", "timestamp": 1764998791494}, {"id": "2999744042", "price": 89545.8, "amount": 0.029, "side": "sell", "timestamp": 1764998791494}, {"id": "2999744043", "price": 89545.5, "amount": 0.004, "side": "sell", "timestamp": 1764998791494}, {"id": "2999744044", "price": 89545.3, "amount": 0.003, "side": "sell", "timestamp": 1764998791494}, {"id": "2999744045", "price": 89545.1, "amount": 0.002, "side": "sell", "timestamp": 1764998791494}, {"id": "2999744046", "price": 89544.8, "amount": 0.003, "side": "sell", "timestamp": 1764998791494}, {"id": "2999744047", "price": 89544.5, "amount": 0.006, "side": "sell", "timestamp": 1764998791494}, {"id": "2999744048", "price": 89544.3, "amount": 0.005, "side": "sell", "timestamp": 1764998791494}, {"id": "2999744049", "price": 89544.2, "amount": 0.104, "side": "sell", "timestamp": 1764998791494}, {"id": "2999744050", "price": 89544.0, "amount": 0.014, "side": "sell", "timestamp": 1764998791494}, {"id": "2999744051", "price": 89543.8, "amount": 0.016, "side": "sell", "timestamp": 1764998791494}, {"id": "2999744052", "price": 89543.7, "amount": 0.003, "side": "sell", "timestamp": 1764998791494}, {"id": "2999744053", "price": 89543.6, "amount": 0.005, "side": "sell", "timestamp": 1764998791494}, {"id": "2999744054", "price": 89543.5, "amount": 0.002, "side": "sell", "timestamp": 1764998791494}, {"id": "2999744055", "price": 89543.3, "amount": 0.003, "side": "sell", "timestamp": 1764998791494}, {"id": "2999744056", "price": 89542.8, "amount": 0.016, "side": "sell", "timestamp": 1764998791494}, {"id": "2999744057", "price": 89542.7, "amount": 0.002, "side": "sell", "timestamp": 1764998791494}, {"id": "2999744058", "price": 89542.3, "amount": 0.005, "side": "sell", "timestamp": 1764998791494}, {"id": "2999744059", "price": 89542.1, "amount": 0.002, "side": "sell", "timestamp": 1764998791494}, {"id": "2999744060", "price": 89542.0, "amount": 0.003, "side": "sell", "timestamp": 1764998791494}, {"id": "2999744061", "price": 89541.9, "amount": 0.014, "side": "sell", "timestamp": 1764998791494}, {"id": "2999744062", "price": 89541.8, "amount": 0.003, "side": "sell", "timestamp": 1764998791494}, {"id": "2999744063", "price": 89541.6, "amount": 0.02, "side": "sell", "timestamp": 1764998791499}, {"id": "2999744064", "price": 89541.7, "amount": 0.002, "side": "buy", "timestamp": 1764998791629}, {"id": "2999744065", "price": 89541.7, "amount": 0.2, "side": "buy", "timestamp": 1764998792563}, {"id": "2999744066", "price": 89541.6, "amount": 0.006, "side": "sell", "timestamp": 1764998792690}, {"id": "2999744067", "price": 89541.7, "amount": 0.118, "side": "buy", "timestamp": 1764998792825}, {"id": "2999744068", "price": 89541.6, "amount": 0.002, "side": "sell", "timestamp": 1764998793033}, {"id": "2999744496", "price": 89556.8, "amount": 1.0, "side": "buy", "timestamp": 1764998834350}, {"id": "2999744497", "price": 89556.7, "amount": 0.018, "side": "sell", "timestamp": 1764998834566}, {"id": "2999744498", "price": 89556.7, "amount": 0.002, "side": "sell", "timestamp": 1764998835329}, {"id": "2999744499", "price": 89556.7, "amount": 0.018, "side": "sell", "timestamp": 1764998835609}, {"id": "2999744500", "price": 89556.8, "amount": 0.012, "side": "buy", "timestamp": 1764998835901}, {"id": "2999744501", "price": 89556.7, "amount": 0.15, "side": "sell", "timestamp": 1764998836095}, {"id": "2999744502", "price": 89556.8, "amount": 0.002, "side": "buy", "timestamp": 1764998836512}, {"id": "2999744503", "price": 89556.7, "amount": 0.018, "side": "sell", "timestamp": 1764998836588}, {"id": "2999744504", "price": 89556.8, "amount": 0.002, "side": "buy", "timestamp": 1764998837062}, {"id": "2999744505", "price": 89556.7, "amount": 0.023, "side": "sell", "timestamp": 1764998837322}, {"id": "2999744506", "price": 89556.7, "amount": 0.018, "side": "sell", "timestamp": 1764998837606}, {"id": "2999744507", "price": 89556.7, "amount": 0.255, "side": "sell", "timestamp": 1764998837922}, {"id": "2999744508", "price": 89556.6, "amount": 0.004, "side": "sell", "timestamp": 1764998837922}, {"id": "2999744509", "price": 89556.3, "amount": 0.005, "side": "sell", "timestamp": 1764998837922}, {"id": "2999744510", "price": 89555.8, "amount": 0.007, "side": "sell", "timestamp": 1764998837922}, {"id": "2999744511", "price": 89555.3, "amount": 0.002, "side": "sell", "timestamp": 1764998837922}, {"id": "2999744512", "price": 89555.2, "amount": 0.005, "side": "sell", "timestamp": 1764998837922}, {"id": "2999744513", "price": 89554.9, "amount": 0.002, "side": "sell", "timestamp": 1764998837922}, {"id": "2999744514", "price": 89554.7, "amount": 0.003, "side": "sell", "timestamp": 1764998837922}, {"id": "2999744515", "price": 89554.6, "amount": 0.002, "side": "sell", "timestamp": 1764998837922}, {"id": "2999744516", "price": 89554.4, "amount": 0.003, "side": "sell", "timestamp": 1764998837922}, {"id": "2999744517", "price": 89554.1, "amount": 0.003, "side": "sell", "timestamp": 1764998837922}, {"id": "2999744518", "price": 89554.0, "amount": 0.017, "side": "sell", "timestamp": 1764998837922}, {"id": "2999744519", "price": 89553.8, "amount": 0.003, "side": "sell", "timestamp": 1764998837922}, {"id": "2999744520", "price": 89553.6, "amount": 0.009, "side": "sell", "timestamp": 1764998837922}, {"id": "2999744521", "price": 89553.3, "amount": 0.003, "side": "sell", "timestamp": 1764998837922}, {"id": "2999744522", "price": 89553.0, "amount": 1.102, "side": "sell", "timestamp": 1764998838131}, {"id": "2999744523", "price": 89553.0, "amount": 0.002, "side": "sell", "timestamp": 1764998838341}, {"id": "2999744524", "price": 89553.0, "amount": 0.018, "side": "sell", "timestamp": 1764998838682}, {"id": "2999744525", "price": 89553.0, "amount": 0.018, "side": "sell", "timestamp": 1764998839668}, {"id": "2999744526", "price": 89553.0, "amount": 0.002, "side": "sell", "timestamp": 1764998839780}, {"id": "2999744527", "price": 89553.1, "amount": 0.002, "side": "buy", "timestamp": 1764998840075}, {"id": "2999744528", "price": 89553.1, "amount": 0.004, "side": "buy", "timestamp": 1764998840481}, {"id": "2999744529", "price": 89553.0, "amount": 0.018, "side": "sell", "timestamp": 1764998840659}, {"id": "2999744530", "price": 89553.0, "amount": 0.002, "side": "sell", "timestamp": 1764998841363}, {"id": "2999744531", "price": 89553.1, "amount": 0.006, "side": "buy", "timestamp": 1764998841708}, {"id": "2999744532", "price": 89553.0, "amount": 0.018, "side": "sell", "timestamp": 1764998841737}, {"id": "2999744533", "price": 89553.0, "amount": 1.054, "side": "sell", "timestamp": 1764998842096}, {"id": "2999744534", "price": 89553.0, "amount": 0.018, "side": "sell", "timestamp": 1764998842721}, {"id": "2999744535", "price": 89553.1, "amount": 0.002, "side": "buy", "timestamp": 1764998843101}, {"id": "2999744536", "price": 89553.0, "amount": 0.018, "side": "sell", "timestamp": 1764998843825}, {"id": "2999744537", "price": 89553.1, "amount": 0.012, "side": "buy", "timestamp": 1764998844378}, {"id": "2999744538", "price": 89553.0, "amount": 0.002, "side": "sell", "timestamp": 1764998844387}, {"id": "2999744539", "price": 89553.1, "amount": 0.002, "side": "buy", "timestamp": 1764998844709}, {"id": "2999744540", "price": 89553.0, "amount": 0.018, "side": "sell", "timestamp": 1764998844845}, {"id": "2999744541", "price": 89553.0, "amount": 0.012, "side": "sell", "timestamp": 1764998845102}, {"id": "2999744542", "price": 89553.1, "amount": 0.008, "side": "buy", "timestamp": 1764998845302}, {"id": "2999744543", "price": 89553.0, "amount": 0.028, "side": "sell", "timestamp": 1764998845548}, {"id": "2999744544", "price": 89553.0, "amount": 0.018, "side": "sell", "timestamp": 1764998845785}, {"id": "2999744545", "price": 89553.0, "amount": 0.02, "side": "sell", "timestamp": 1764998846093}, {"id": "2999744648", "price": 89551.0, "amount": 1.0, "side": "buy", "timestamp": 1764998882827}, {"id": "2999744649", "price": 89551.0, "amount": 0.001, "side": "buy", "timestamp": 1764998883025}, {"id": "2999744650", "price": 89550.9, "amount": 0.01, "side": "sell", "timestamp": 1764998883645}, {"id": "2999744651", "price": 89550.9, "amount": 0.016, "side": "sell", "timestamp": 1764998884178}, {"id": "2999744652", "price": 89551.0, "amount": 0.003, "side": "buy", "timestamp": 1764998884182}, {"id": "2999744653", "price": 89551.0, "amount": 0.002, "side": "buy", "timestamp": 1764998884516}, {"id": "2999744654", "price": 89550.9, "amount": 0.002, "side": "sell", "timestamp": 1764998884630}, {"id": "2999744655", "price": 89551.0, "amount": 0.002, "side": "buy", "timestamp": 1764998885267}, {"id": "2999744656", "price": 89550.9, "amount": 0.138, "side": "sell", "timestamp": 1764998885302}, {"id": "2999744657", "price": 89551.0, "amount": 0.004, "side": "buy", "timestamp": 1764998885393}, {"id": "2999744658", "price": 89550.9, "amount": 0.005, "side": "sell", "timestamp": 1764998885478}, {"id": "2999744659", "price": 89551.0, "amount": 0.048, "side": "buy", "timestamp": 1764998885695}, {"id": "2999744660", "price": 89551.0, "amount": 0.002, "side": "buy", "timestamp": 1764998886493}, {"id": "2999744661", "price": 89550.9, "amount": 0.016, "side": "sell", "timestamp": 1764998886608}, {"id": "2999744662", "price": 89550.9, "amount": 0.009, "side": "sell", "timestamp": 1764998887243}, {"id": "2999744663", "price": 89550.9, "amount": 0.009, "side": "sell", "timestamp": 1764998887402}, {"id": "2999744664", "price": 89550.9, "amount": 0.014, "side": "sell", "timestamp": 1764998888143}, {"id": "2999744665", "price": 89551.0, "amount": 0.002, "side": "buy", "timestamp": 1764998888464}, {"id": "2999744666", "price": 89551.0, "amount": 0.002, "side": "buy", "timestamp": 1764998888575}, {"id": "2999744667", "price": 89550.9, "amount": 0.002, "side": "sell", "timestamp": 1764998888807}, {"id": "2999744668", "price": 89550.9, "amount": 0.094, "side": "sell", "timestamp": 1764998888910}, {"id": "2999744669", "price": 89550.9, "amount": 0.024, "side": "sell", "timestamp": 1764998889611}, {"id": "2999744670", "price": 89550.9, "amount": 0.003, "side": "sell", "timestamp": 1764998889718}, {"id": "2999744671", "price": 89550.9, "amount": 0.002, "side": "sell", "timestamp": 1764998890027}, {"id": "2999744672", "price": 89551.0, "amount": 0.021, "side": "buy", "timestamp": 1764998890202}, {"id": "2999744673", "price": 89550.9, "amount": 0.032, "side": "sell", "timestamp": 1764998891031}, {"id": "2999744674", "price": 89551.0, "amount": 0.002, "side": "buy", "timestamp": 1764998891479}, {"id": "2999744675", "price": 89550.9, "amount": 0.014, "side": "sell", "timestamp": 1764998891490}, {"id": "2999744676", "price": 89550.9, "amount": 0.102, "side": "sell", "timestamp": 1764998891937}, {"id": "2999744677", "price": 89550.9, "amount": 0.011, "side": "sell", "timestamp": 1764998892198}, {"id": "2999744678", "price": 89550.9, "amount": 0.009, "side": "sell", "timestamp": 1764998892325}, {"id": "2999744679", "price": 89550.9, "amount": 0.002, "side": "sell", "timestamp": 1764998892678}, {"id": "2999744680", "price": 89550.9, "amount": 0.008, "side": "sell", "timestamp": 1764998893217}, {"id": "2999744681", "price": 89551.0, "amount": 0.002, "side": "buy", "timestamp": 1764998894206}, {"id": "2999744682", "price": 89551.0, "amount": 0.002, "side": "buy", "timestamp": 1764998894505}, {"id": "2999744683", "price": 89550.9, "amount": 0.049, "side": "sell", "timestamp": 1764998894512}, {"id": "2999744684", "price": 89551.0, "amount": 0.15, "side": "buy", "timestamp": 1764998894887}, {"id": "2999744685", "price": 89550.9, "amount": 0.042, "side": "sell", "timestamp": 1764998895078}, {"id": "2999744686", "price": 89550.9, "amount": 0.005, "side": "sell", "timestamp": 1764998895688}, {"id": "2999744687", "price": 89550.9, "amount": 0.023, "side": "sell", "timestamp": 1764998895974}, {"id": "2999744688", "price": 89550.9, "amount": 0.047, "side": "sell", "timestamp": 1764998896301}, {"id": "2999744689", "price": 89551.0, "amount": 0.007, "side": "buy", "timestamp": 1764998896537}, {"id": "2999744690", "price": 89550.9, "amount": 0.035, "side": "sell", "timestamp": 1764998896887}, {"id": "2999744691", "price": 89551.0, "amount": 0.077, "side": "buy", "timestamp": 1764998896906}, {"id": "2999744692", "price": 89550.9, "amount": 0.455, "side": "sell", "timestamp": 1764998896930}, {"id": "2999744693", "price": 89550.9, "amount": 0.035, "side": "sell", "timestamp": 1764998897097}, {"id": "2999744694", "price": 89551.0, "amount": 0.004, "side": "buy", "timestamp": 1764998897240}, {"id": "2999744695", "price": 89550.9, "amount": 0.009, "side": "sell", "timestamp": 1764998897247}, {"id": "2999744696", "price": 89550.9, "amount": 0.002, "side": "sell", "timestamp": 1764998897400}, {"id": "2999744697", "price": 89550.9, "amount": 0.002, "side": "sell", "timestamp": 1764998897510}, {"id": "2999744854", "price": 89553.7, "amount": 0.005, "side": "buy", "timestamp": 1764998944192}, {"id": "2999744855", "price": 89553.9, "amount": 0.005, "side": "buy", "timestamp": 1764998944192}, {"id": "2999744856", "price": 89554.0, "amount": 0.005, "side": "buy", "timestamp": 1764998944192}, {"id": "2999744857", "price": 89554.2, "amount": 0.003, "side": "buy", "timestamp": 1764998944192}, {"id": "2999744858", "price": 89554.7, "amount": 0.003, "side": "buy", "timestamp": 1764998944209}, {"id": "2999744859", "price": 89554.8, "amount": 0.004, "side": "buy", "timestamp": 1764998944210}, {"id": "2999744860", "price": 89554.9, "amount": 0.002, "side": "buy", "timestamp": 1764998944210}, {"id": "2999744861", "price": 89555.4, "amount": 0.003, "side": "buy", "timestamp": 1764998944210}, {"id": "2999744862", "price": 89555.7, "amount": 0.002, "side": "buy", "timestamp": 1764998944210}, {"id": "2999744863", "price": 89555.9, "amount": 0.003, "side": "buy", "timestamp": 1764998944219}, {"id": "2999744864", "price": 89556.2, "amount": 0.002, "side": "buy", "timestamp": 1764998944219}, {"id": "2999744865", "price": 89556.4, "amount": 0.003, "side": "buy", "timestamp": 1764998944219}, {"id": "2999744866", "price": 89556.7, "amount": 0.003, "side": "buy", "timestamp": 1764998944219}, {"id": "2999744867", "price": 89556.8, "amount": 0.047, "side": "buy", "timestamp": 1764998944219}, {"id": "2999744868", "price": 89556.9, "amount": 0.003, "side": "buy", "timestamp": 1764998944219}, {"id": "2999744869", "price": 89557.0, "amount": 0.002, "side": "buy", "timestamp": 1764998944219}, {"id": "2999744870", "price": 89557.1, "amount": 0.002, "side": "buy", "timestamp": 1764998944221}, {"id": "2999744871", "price": 89557.3, "amount": 0.003, "side": "buy", "timestamp": 1764998944221}, {"id": "2999744872", "price": 89557.5, "amount": 0.01, "side": "buy", "timestamp": 1764998944221}, {"id": "2999744873", "price": 89557.6, "amount": 0.004, "side": "buy", "timestamp": 1764998944221}, {"id": "2999744874", "price": 89557.7, "amount": 0.005, "side": "buy", "timestamp": 1764998944221}, {"id": "2999744875", "price": 89558.2, "amount": 0.003, "side": "buy", "timestamp": 1764998944221}, {"id": "2999744876", "price": 89558.3, "amount": 0.005, "side": "buy", "timestamp": 1764998944221}, {"id": "2999744877", "price": 89558.7, "amount": 0.003, "side": "buy", "timestamp": 1764998944224}, {"id": "2999744878", "price": 89558.9, "amount": 0.003, "side": "buy", "timestamp": 1764998944224}, {"id": "2999744879", "price": 89559.0, "amount": 0.004, "side": "buy", "timestamp": 1764998944224}, {"id": "2999744880", "price": 89559.1, "amount": 0.002, "side": "buy", "timestamp": 1764998944226}, {"id": "2999744881", "price": 89559.2, "amount": 0.003, "side": "buy", "timestamp": 1764998944226}, {"id": "2999744882", "price": 89559.3, "amount": 0.004, "side": "buy", "timestamp": 1764998944226}, {"id": "2999744883", "price": 89559.4, "amount": 0.002, "side": "buy", "timestamp": 1764998944226}, {"id": "2999744884", "price": 89559.5, "amount": 0.002, "side": "buy", "timestamp": 1764998944226}, {"id": "2999744885", "price": 89559.7, "amount": 0.006, "side": "buy", "timestamp": 1764998944226}, {"id": "2999744886", "price": 89559.8, "amount": 0.001, "side": "buy", "timestamp": 1764998944226}, {"id": "2999744887", "price": 89559.8, "amount": 0.026, "side": "sell", "timestamp": 1764998944822}, {"id": "2999744888", "price": 89559.9, "amount": 0.002, "side": "buy", "timestamp": 1764998945736}, {"id": "2999744889", "price": 89559.9, "amount": 0.429, "side": "buy", "timestamp": 1764998945935}, {"id": "2999744890", "price": 89560.0, "amount": 0.002, "side": "buy", "timestamp": 1764998945935}, {"id": "2999744891", "price": 89560.2, "amount": 0.009, "side": "buy", "timestamp": 1764998945935}, {"id": "2999744892", "price": 89560.7, "amount": 0.003, "side": "buy", "timestamp": 1764998945935}, {"id": "2999744893", "price": 89561.2, "amount": 0.003, "side": "buy", "timestamp": 1764998945941}, {"id": "2999744894", "price": 89561.7, "amount": 0.002, "side": "buy", "timestamp": 1764998945941}, {"id": "2999744895", "price": 89561.9, "amount": 0.006, "side": "buy", "timestamp": 1764998945941}, {"id": "2999744896", "price": 89562.0, "amount": 0.006, "side": "buy", "timestamp": 1764998945941}, {"id": "2999744897", "price": 89562.0, "amount": 0.002, "side": "sell", "timestamp": 1764998946008}, {"id": "2999744898", "price": 89562.1, "amount": 0.002, "side": "buy", "timestamp": 1764998946050}, {"id": "2999744899", "price": 89562.0, "amount": 0.002, "side": "sell", "timestamp": 1764998947174}, {"id": "2999744900", "price": 89562.1, "amount": 0.024, "side": "buy", "timestamp": 1764998947437}, {"id": "2999744901", "price": 89562.0, "amount": 0.009, "side": "sell", "timestamp": 1764998948001}, {"id": "2999744902", "price": 89562.1, "amount": 0.015, "side": "buy", "timestamp": 1764998948134}, {"id": "2999744903", "price": 89562.1, "amount": 0.03, "side": "buy", "timestamp": 1764998948516}, {"id": "2999745018", "price": 89570.0, "amount": 0.004, "side": "buy", "timestamp": 1764998983479}, {"id": "2999745019", "price": 89569.9, "amount": 0.003, "side": "sell", "timestamp": 1764998984283}, {"id": "2999745020", "price": 89570.0, "amount": 0.002, "side": "buy", "timestamp": 1764998985524}, {"id": "2999745021", "price": 89569.9, "amount": 0.006, "side": "sell", "timestamp": 1764998986398}, {"id": "2999745022", "price": 89570.0, "amount": 0.02, "side": "buy", "timestamp": 1764998986862}, {"id": "2999745023", "price": 89569.9, "amount": 0.18, "side": "sell", "timestamp": 1764998988178}, {"id": "2999745024", "price": 89569.8, "amount": 0.015, "side": "sell", "timestamp": 1764998988255}, {"id": "2999745025", "price": 89569.5, "amount": 0.002, "side": "sell", "timestamp": 1764998988255}, {"id": "2999745026", "price": 89569.4, "amount": 0.013, "side": "sell", "timestamp": 1764998988255}, {"id": "2999745027", "price": 89568.5, "amount": 0.342, "side": "sell", "timestamp": 1764998988255}, {"id": "2999745028", "price": 89568.1, "amount": 0.009, "side": "sell", "timestamp": 1764998988259}, {"id": "2999745029", "price": 89568.0, "amount": 0.002, "side": "sell", "timestamp": 1764998988259}, {"id": "2999745030", "price": 89567.9, "amount": 0.047, "side": "sell", "timestamp": 1764998988268}, {"id": "2999745031", "price": 89567.6, "amount": 0.003, "side": "sell", "timestamp": 1764998988271}, {"id": "2999745032", "price": 89567.5, "amount": 0.004, "side": "sell", "timestamp": 1764998988271}, {"id": "2999745033", "price": 89567.4, "amount": 0.002, "side": "sell", "timestamp": 1764998988271}, {"id": "2999745034", "price": 89567.1, "amount": 0.003, "side": "sell", "timestamp": 1764998988271}, {"id": "2999745035", "price": 89566.9, "amount": 0.017, "side": "sell", "timestamp": 1764998988329}, {"id": "2999745036", "price": 89566.8, "amount": 0.002, "side": "sell", "timestamp": 1764998988331}, {"id": "2999745037", "price": 89566.5, "amount": 0.004, "side": "sell", "timestamp": 1764998988331}, {"id": "2999745038", "price": 89566.4, "amount": 0.002, "side": "sell", "timestamp": 1764998988331}, {"id": "2999745039", "price": 89566.2, "amount": 0.003, "side": "sell", "timestamp": 1764998988331}, {"id": "2999745040", "price": 89565.7, "amount": 0.003, "side": "sell", "timestamp": 1764998988331}, {"id": "2999745041", "price": 89565.6, "amount": 0.002, "side": "sell", "timestamp": 1764998988331}, {"id": "2999745042", "price": 89565.6, "amount": 0.002, "side": "buy", "timestamp": 1764998988550}, {"id": "2999745043", "price": 89565.6, "amount": 0.01, "side": "buy", "timestamp": 1764998989410}, {"id": "2999745044", "price": 89565.5, "amount": 0.002, "side": "sell", "timestamp": 1764998989519}, {"id": "2999745045", "price": 89565.6, "amount": 0.01, "side": "buy", "timestamp": 1764998989598}, {"id": "2999745046", "price": 89565.5, "amount": 0.123, "side": "sell", "timestamp": 1764998990769}, {"id": "2999745047", "price": 89565.6, "amount": 0.009, "side": "buy", "timestamp": 1764998990892}, {"id": "2999745048", "price": 89565.5, "amount": 0.11, "side": "sell", "timestamp": 1764998991310}, {"id": "2999745049", "price": 89565.6, "amount": 0.002, "side": "buy", "timestamp": 1764998991581}, {"id": "2999745050", "price": 89565.5, "amount": 0.403, "side": "sell", "timestamp": 1764998991611}, {"id": "2999745051", "price": 89565.6, "amount": 0.007, "side": "buy", "timestamp": 1764998991721}, {"id": "2999745052", "price": 89565.5, "amount": 0.004, "side": "sell", "timestamp": 1764998991960}, {"id": "2999745053", "price": 89565.5, "amount": 0.002, "side": "sell", "timestamp": 1764998992543}, {"id": "2999745054", "price": 89565.6, "amount": 0.002, "side": "buy", "timestamp": 1764998992580}, {"id": "2999745055", "price": 89565.5, "amount": 0.004, "side": "sell", "timestamp": 1764998993504}, {"id": "2999745056", "price": 89565.6, "amount": 0.01, "side": "buy", "timestamp": 1764998993603}, {"id": "2999745057", "price": 89565.5, "amount": 0.011, "side": "sell", "timestamp": 1764998994387}, {"id": "2999745058", "price": 89565.6, "amount": 0.002, "side": "buy", "timestamp": 1764998994592}, {"id": "2999745059", "price": 89565.5, "amount": 0.07, "side": "sell", "timestamp": 1764998994973}, {"id": "2999745060", "price": 89565.6, "amount": 0.002, "side": "buy", "timestamp": 1764998995428}, {"id": "2999745061", "price": 89565.5, "amount": 0.002, "side": "sell", "timestamp": 1764998995555}, {"id": "2999745062", "price": 89565.5, "amount": 0.011, "side": "sell", "timestamp": 1764998996376}, {"id": "2999745063", "price": 89565.6, "amount": 0.002, "side": "buy", "timestamp": 1764998997604}, {"id": "2999745064", "price": 89565.5, "amount": 0.002, "side": "sell", "timestamp": 1764998998566}, {"id": "2999745065", "price": 89565.6, "amount": 0.006, "side": "buy", "timestamp": 1764998998747}, {"id": "2999745066", "price": 89565.5, "amount": 0.21, "side": "sell", "timestamp": 1764999000481}, {"id": "2999745067", "price": 89565.6, "amount": 0.002, "side": "buy", "timestamp": 1764999000663}, {"id": "2999745413", "price": 89541.6, "amount": 0.02, "side": "sell", "timestamp": 1764999040011}, {"id": "2999745414", "price": 89541.5, "amount": 0.004, "side": "sell", "timestamp": 1764999040011}, {"id": "2999745415", "price": 89541.3, "amount": 0.003, "side": "sell", "timestamp": 1764999040011}, {"id": "2999745416", "price": 89541.2, "amount": 0.002, "side": "sell", "timestamp": 1764999040011}, {"id": "2999745417", "price": 89541.1, "amount": 0.003, "side": "sell", "timestamp": 1764999040011}, {"id": "2999745418", "price": 89541.0, "amount": 0.035, "side": "sell", "timestamp": 1764999040011}, {"id": "2999745419", "price": 89540.8, "amount": 0.003, "side": "sell", "timestamp": 1764999040011}, {"id": "2999745420", "price": 89540.6, "amount": 0.004, "side": "sell", "timestamp": 1764999040011}, {"id": "2999745421", "price": 89540.5, "amount": 0.003, "side": "sell", "timestamp": 1764999040011}, {"id": "2999745422", "price": 89540.3, "amount": 0.008, "side": "sell", "timestamp": 1764999040011}, {"id": "2999745423", "price": 89540.2, "amount": 0.002, "side": "sell", "timestamp": 1764999040011}, {"id": "2999745424", "price": 89540.1, "amount": 0.238, "side": "sell", "timestamp": 1764999040011}, {"id": "2999745425", "price": 89540.0, "amount": 0.119, "side": "sell", "timestamp": 1764999040011}, {"id": "2999745426", "price": 89540.0, "amount": 0.007, "side": "sell", "timestamp": 1764999040114}, {"id": "2999745427", "price": 89540.0, "amount": 0.002, "side": "sell", "timestamp": 1764999040913}, {"id": "2999745428", "price": 89540.0, "amount": 0.002, "side": "sell", "timestamp": 1764999041388}, {"id": "2999745429", "price": 89540.1, "amount": 0.242, "side": "buy", "timestamp": 1764999041422}, {"id": "2999745430", "price": 89540.0, "amount": 0.055, "side": "sell", "timestamp": 1764999041876}, {"id": "2999745431", "price": 89540.0, "amount": 0.026, "side": "sell", "timestamp": 1764999042177}, {"id": "2999745432", "price": 89540.1, "amount": 0.002, "side": "buy", "timestamp": 1764999042873}, {"id": "2999745433", "price": 89540.1, "amount": 0.002, "side": "buy", "timestamp": 1764999042987}, {"id": "2999745434", "price": 89540.0, "amount": 0.004, "side": "sell", "timestamp": 1764999043869}, {"id": "2999745435", "price": 89540.1, "amount": 0.053, "side": "buy", "timestamp": 1764999044141}, {"id": "2999745436", "price": 89540.1, "amount": 0.013, "side": "buy", "timestamp": 1764999045209}, {"id": "2999745437", "price": 89540.0, "amount": 0.028, "side": "sell", "timestamp": 1764999045258}, {"id": "2999745438", "price": 89540.1, "amount": 0.002, "side": "buy", "timestamp": 1764999046000}, {"id": "2999745439", "price": 89540.1, "amount": 0.003, "side": "buy", "timestamp": 1764999046959}, {"id": "2999745440", "price": 89540.0, "amount": 0.002, "side": "sell", "timestamp": 1764999046967}, {"id": "2999745441", "price": 89540.0, "amount": 0.236, "side": "sell", "timestamp": 1764999047135}, {"id": "2999745442", "price": 89540.1, "amount": 0.013, "side": "buy", "timestamp": 1764999047625}, {"id": "2999745443", "price": 89540.0, "amount": 0.002, "side": "sell", "timestamp": 1764999048226}, {"id": "2999745444", "price": 89540.1, "amount": 0.015, "side": "buy", "timestamp": 1764999048559}, {"id": "2999745445", "price": 89540.1, "amount": 0.003, "side": "buy", "timestamp": 1764999048732}, {"id": "2999745446", "price": 89540.1, "amount": 0.002, "side": "buy", "timestamp": 1764999049030}, {"id": "2999745447", "price": 89540.1, "amount": 0.055, "side": "buy", "timestamp": 1764999049782}, {"id": "2999745448", "price": 89540.0, "amount": 0.04, "side": "sell", "timestamp": 1764999049993}, {"id": "2999745449", "price": 89540.0, "amount": 0.071, "side": "sell", "timestamp": 1764999050756}, {"id": "2999745450", "price": 89540.0, "amount": 0.002, "side": "sell", "timestamp": 1764999050883}, {"id": "2999745451", "price": 89540.1, "amount": 0.002, "side": "buy", "timestamp": 1764999050915}, {"id": "2999745452", "price": 89540.0, "amount": 0.05, "side": "sell", "timestamp": 1764999050940}, {"id": "2999745453", "price": 89540.0, "amount": 0.022, "side": "sell", "timestamp": 1764999051085}, {"id": "2999745454", "price": 89540.0, "amount": 0.014, "side": "sell", "timestamp": 1764999051330}, {"id": "2999745455", "price": 89540.0, "amount": 0.051, "side": "sell", "timestamp": 1764999051504}, {"id": "2999745456", "price": 89540.1, "amount": 0.023, "side": "buy", "timestamp": 1764999051651}, {"id": "2999745457", "price": 89540.0, "amount": 0.01, "side": "sell", "timestamp": 1764999051717}, {"id": "2999745458", "price": 89540.0, "amount": 0.017, "side": "sell", "timestamp": 1764999051936}, {"id": "2999745459", "price": 89540.1, "amount": 0.002, "side": "buy", "timestamp": 1764999051955}, {"id": "2999745460", "price": 89540.1, "amount": 0.002, "side": "buy", "timestamp": 1764999052057}, {"id": "2999745461", "price": 89540.0, "amount": 0.445, "side": "sell", "timestamp": 1764999052086}, {"id": "2999745462", "price": 89540.0, "amount": 0.018, "side": "sell", "timestamp": 1764999052310}, {"id": "2999745619", "price": 89532.3, "amount": 0.004, "side": "sell", "timestamp": 1764999088563}, {"id": "2999745620", "price": 89532.3, "amount": 0.089, "side": "sell", "timestamp": 1764999088820}, {"id": "2999745621", "price": 89532.3, "amount": 0.031, "side": "sell", "timestamp": 1764999088962}, {"id": "2999745622", "price": 89532.3, "amount": 0.03, "side": "sell", "timestamp": 1764999089079}, {"id": "2999745623", "price": 89532.3, "amount": 0.011, "side": "sell", "timestamp": 1764999089216}, {"id": "2999745624", "price": 89532.4, "amount": 0.002, "side": "buy", "timestamp": 1764999089467}, {"id": "2999745625", "price": 89532.3, "amount": 1.418, "side": "sell", "timestamp": 1764999089495}, {"id": "2999745626", "price": 89532.3, "amount": 0.002, "side": "sell", "timestamp": 1764999089615}, {"id": "2999745627", "price": 89532.3, "amount": 0.023, "side": "sell", "timestamp": 1764999089813}, {"id": "2999745628", "price": 89532.3, "amount": 0.029, "side": "sell", "timestamp": 1764999090193}, {"id": "2999745629", "price": 89532.4, "amount": 0.047, "side": "buy", "timestamp": 1764999090231}, {"id": "2999745630", "price": 89532.3, "amount": 0.028, "side": "sell", "timestamp": 1764999090460}, {"id": "2999745631", "price": 89532.4, "amount": 0.034, "side": "buy", "timestamp": 1764999090569}, {"id": "2999745632", "price": 89532.3, "amount": 0.075, "side": "sell", "timestamp": 1764999091075}, {"id": "2999745633", "price": 89532.4, "amount": 0.125, "side": "buy", "timestamp": 1764999091201}, {"id": "2999745634", "price": 89532.4, "amount": 0.002, "side": "buy", "timestamp": 1764999091329}, {"id": "2999745635", "price": 89532.4, "amount": 0.002, "side": "buy", "timestamp": 1764999091721}, {"id": "2999745636", "price": 89532.3, "amount": 0.005, "side": "sell", "timestamp": 1764999092002}, {"id": "2999745637", "price": 89532.3, "amount": 0.008, "side": "sell", "timestamp": 1764999092134}, {"id": "2999745638", "price": 89532.4, "amount": 0.345, "side": "buy", "timestamp": 1764999092210}, {"id": "2999745639", "price": 89532.3, "amount": 0.002, "side": "sell", "timestamp": 1764999092240}, {"id": "2999745640", "price": 89532.3, "amount": 0.026, "side": "sell", "timestamp": 1764999092702}, {"id": "2999745641", "price": 89532.4, "amount": 0.336, "side": "buy", "timestamp": 1764999092982}, {"id": "2999745642", "price": 89532.3, "amount": 0.318, "side": "sell", "timestamp": 1764999093132}, {"id": "2999745643", "price": 89532.3, "amount": 0.019, "side": "sell", "timestamp": 1764999093301}, {"id": "2999745644", "price": 89532.3, "amount": 0.054, "side": "sell", "timestamp": 1764999093742}, {"id": "2999745645", "price": 89532.4, "amount": 0.002, "side": "buy", "timestamp": 1764999094355}, {"id": "2999745646", "price": 89532.3, "amount": 0.001, "side": "sell", "timestamp": 1764999094397}, {"id": "2999745647", "price": 89532.3, "amount": 0.306, "side": "sell", "timestamp": 1764999094724}, {"id": "2999745648", "price": 89532.3, "amount": 0.002, "side": "sell", "timestamp": 1764999094930}, {"id": "2999745649", "price": 89532.3, "amount": 0.002, "side": "sell", "timestamp": 1764999095268}, {"id": "2999745650", "price": 89532.3, "amount": 0.001, "side": "sell", "timestamp": 1764999095545}, {"id": "2999745651", "price": 89532.3, "amount": 0.089, "side": "sell", "timestamp": 1764999095962}, {"id": "2999745652", "price": 89532.3, "amount": 0.01, "side": "sell", "timestamp": 1764999096110}, {"id": "2999745653", "price": 89532.3, "amount": 0.014, "side": "sell", "timestamp": 1764999096231}, {"id": "2999745654", "price": 89532.3, "amount": 0.004, "side": "sell", "timestamp": 1764999096842}, {"id": "2999745655", "price": 89532.4, "amount": 0.063, "side": "buy", "timestamp": 1764999097064}, {"id": "2999745656", "price": 89532.3, "amount": 0.22, "side": "sell", "timestamp": 1764999097105}, {"id": "2999745657", "price": 89532.4, "amount": 0.008, "side": "buy", "timestamp": 1764999097383}, {"id": "2999745658", "price": 89532.3, "amount": 0.015, "side": "sell", "timestamp": 1764999098278}, {"id": "2999745659", "price": 89532.3, "amount": 0.004, "side": "sell", "timestamp": 1764999098503}, {"id": "2999745660", "price": 89532.4, "amount": 0.002, "side": "buy", "timestamp": 1764999098574}, {"id": "2999745661", "price": 89532.4, "amount": 0.002, "side": "buy", "timestamp": 1764999100395}, {"id": "2999745662", "price": 89532.3, "amount": 0.476, "side": "sell", "timestamp": 1764999100469}, {"id": "2999745663", "price": 89532.4, "amount": 0.048, "side": "buy", "timestamp": 1764999101076}, {"id": "2999745664", "price": 89532.3, "amount": 0.004, "side": "sell", "timestamp": 1764999101104}, {"id": "2999745665", "price": 89532.4, "amount": 0.5, "side": "buy", "timestamp": 1764999101196}, {"id": "2999745666", "price": 89532.3, "amount": 0.002, "side": "sell", "timestamp": 1764999101302}, {"id": "2999745667", "price": 89532.3, "amount": 0.02, "side": "sell", "timestamp": 1764999102230}, {"id": "2999745668", "price": 89532.4, "amount": 0.002, "side": "buy", "timestamp": 1764999103411}, {"id": "2999745954", "price": 89528.9, "amount": 0.006, "side": "buy", "timestamp": 1764999153572}, {"id": "2999745955", "price": 89529.1, "amount": 0.003, "side": "buy", "timestamp": 1764999153572}, {"id": "2999745956", "price": 89529.2, "amount": 0.002, "side": "buy", "timestamp": 1764999153572}, {"id": "2999745957", "price": 89529.3, "amount": 0.006, "side": "buy", "timestamp": 1764999153572}, {"id": "2999745958", "price": 89529.4, "amount": 0.019, "side": "buy", "timestamp": 1764999153572}, {"id": "2999745959", "price": 89529.5, "amount": 0.006, "side": "buy", "timestamp": 1764999153572}, {"id": "2999745960", "price": 89529.8, "amount": 0.002, "side": "buy", "timestamp": 1764999153572}, {"id": "2999745961", "price": 89529.9, "amount": 0.007, "side": "buy", "timestamp": 1764999153572}, {"id": "2999745962", "price": 89530.0, "amount": 0.051, "side": "buy", "timestamp": 1764999153572}, {"id": "2999745963", "price": 89530.1, "amount": 0.003, "side": "buy", "timestamp": 1764999153572}, {"id": "2999745964", "price": 89530.2, "amount": 0.003, "side": "buy", "timestamp": 1764999153572}, {"id": "2999745965", "price": 89530.3, "amount": 0.004, "side": "buy", "timestamp": 1764999153572}, {"id": "2999745966", "price": 89530.4, "amount": 0.017, "side": "buy", "timestamp": 1764999153572}, {"id": "2999745967", "price": 89530.5, "amount": 0.002, "side": "buy", "timestamp": 1764999153572}, {"id": "2999745968", "price": 89530.6, "amount": 0.003, "side": "buy", "timestamp": 1764999153572}, {"id": "2999745969", "price": 89530.7, "amount": 0.002, "side": "buy", "timestamp": 1764999153572}, {"id": "2999745970", "price": 89530.8, "amount": 0.003, "side": "buy", "timestamp": 1764999153572}, {"id": "2999745971", "price": 89530.9, "amount": 0.007, "side": "buy", "timestamp": 1764999153572}, {"id": "2999745972", "price": 89531.0, "amount": 0.023, "side": "buy", "timestamp": 1764999153572}, {"id": "2999745973", "price": 89531.1, "amount": 0.733, "side": "buy", "timestamp": 1764999153572}, {"id": "2999745974", "price": 89531.2, "amount": 0.004, "side": "buy", "timestamp": 1764999153572}, {"id": "2999745975", "price": 89531.3, "amount": 0.003, "side": "buy", "timestamp": 1764999153572}, {"id": "2999745976", "price": 89531.4, "amount": 0.014, "side": "buy", "timestamp": 1764999153572}, {"id": "2999745977", "price": 89531.5, "amount": 0.003, "side": "buy", "timestamp": 1764999153572}, {"id": "2999745978", "price": 89531.6, "amount": 0.005, "side": "buy", "timestamp": 1764999153572}, {"id": "2999745979", "price": 89531.8, "amount": 0.003, "side": "buy", "timestamp": 1764999153572}, {"id": "2999745980", "price": 89531.9, "amount": 0.002, "side": "buy", "timestamp": 1764999153572}, {"id": "2999745981", "price": 89532.0, "amount": 0.017, "side": "buy", "timestamp": 1764999153572}, {"id": "2999745982", "price": 89532.1, "amount": 0.047, "side": "buy", "timestamp": 1764999153572}, {"id": "2999745983", "price": 89532.2, "amount": 0.106, "side": "buy", "timestamp": 1764999153572}, {"id": "2999745984", "price": 89532.3, "amount": 0.992, "side": "buy", "timestamp": 1764999153572}, {"id": "2999745985", "price": 89532.4, "amount": 0.333, "side": "buy", "timestamp": 1764999153572}, {"id": "2999745986", "price": 89532.5, "amount": 0.102, "side": "buy", "timestamp": 1764999153572}, {"id": "2999745987", "price": 89532.7, "amount": 1.674, "side": "buy", "timestamp": 1764999153572}, {"id": "2999745988", "price": 89532.8, "amount": 0.729, "side": "buy", "timestamp": 1764999153572}, {"id": "2999745989", "price": 89532.9, "amount": 0.013, "side": "buy", "timestamp": 1764999153572}, {"id": "2999745990", "price": 89533.0, "amount": 0.05, "side": "buy", "timestamp": 1764999153572}, {"id": "2999745991", "price": 89533.1, "amount": 0.005, "side": "buy", "timestamp": 1764999153572}, {"id": "2999745992", "price": 89533.2, "amount": 0.092, "side": "buy", "timestamp": 1764999153572}, {"id": "2999745993", "price": 89533.4, "amount": 0.133, "side": "buy", "timestamp": 1764999153572}, {"id": "2999745994", "price": 89533.6, "amount": 0.114, "side": "buy", "timestamp": 1764999153572}, {"id": "2999745995", "price": 89533.7, "amount": 0.003, "side": "buy", "timestamp": 1764999153572}, {"id": "2999745996", "price": 89533.9, "amount": 0.015, "side": "buy", "timestamp": 1764999153572}, {"id": "2999745997", "price": 89532.8, "amount": 0.003, "side": "buy", "timestamp": 1764999153577}, {"id": "2999745998", "price": 89533.9, "amount": 0.188, "side": "buy", "timestamp": 1764999153583}, {"id": "2999745999", "price": 89533.8, "amount": 0.003, "side": "sell", "timestamp": 1764999153638}, {"id": "2999746000", "price": 89533.9, "amount": 0.002, "side": "buy", "timestamp": 1764999153920}, {"id": "2999746001", "price": 89533.8, "amount": 0.005, "side": "sell", "timestamp": 1764999154453}, {"id": "2999746002", "price": 89533.9, "amount": 0.002, "side": "buy", "timestamp": 1764999154844}, {"id": "2999746003", "price": 89533.9, "amount": 0.002, "side": "buy", "timestamp": 1764999155024}, {"id": "2999746238", "price": 89514.8, "amount": 0.009, "side": "sell", "timestamp": 1764999201030}, {"id": "2999746239", "price": 89514.6, "amount": 0.014, "side": "sell", "timestamp": 1764999201030}, {"id": "2999746240", "price": 89514.3, "amount": 0.003, "side": "sell", "timestamp": 1764999201030}, {"id": "2999746241", "price": 89514.1, "amount": 0.012, "side": "sell", "timestamp": 1764999201030}, {"id": "2999746242", "price": 89514.0, "amount": 0.002, "side": "sell", "timestamp": 1764999201030}, {"id": "2999746243", "price": 89513.8, "amount": 0.003, "side": "sell", "timestamp": 1764999201030}, {"id": "2999746244", "price": 89513.6, "amount": 0.004, "side": "sell", "timestamp": 1764999201030}, {"id": "2999746245", "price": 89513.5, "amount": 0.003, "side": "sell", "timestamp": 1764999201030}, {"id": "2999746246", "price": 89513.3, "amount": 0.029, "side": "sell", "timestamp": 1764999201030}, {"id": "2999746247", "price": 89513.1, "amount": 0.005, "side": "sell", "timestamp": 1764999201030}, {"id": "2999746248", "price": 89513.0, "amount": 0.088, "side": "sell", "timestamp": 1764999201030}, {"id": "2999746249", "price": 89512.8, "amount": 0.007, "side": "sell", "timestamp": 1764999201032}, {"id": "2999746250", "price": 89512.7, "amount": 0.011, "side": "sell", "timestamp": 1764999201032}, {"id": "2999746251", "price": 89512.6, "amount": 0.014, "side": "sell", "timestamp": 1764999201032}, {"id": "2999746252", "price": 89512.4, "amount": 0.005, "side": "sell", "timestamp": 1764999201032}, {"id": "2999746253", "price": 89512.3, "amount": 0.022, "side": "sell", "timestamp": 1764999201032}, {"id": "2999746254", "price": 89512.2, "amount": 0.002, "side": "sell", "timestamp": 1764999201032}, {"id": "2999746255", "price": 89512.0, "amount": 0.163, "side": "sell", "timestamp": 1764999201032}, {"id": "2999746256", "price": 89511.8, "amount": 0.003, "side": "sell", "timestamp": 1764999201032}, {"id": "2999746257", "price": 89511.7, "amount": 0.287, "side": "sell", "timestamp": 1764999201032}, {"id": "2999746258", "price": 89511.7, "amount": 0.022, "side": "sell", "timestamp": 1764999201196}, {"id": "2999746259", "price": 89511.7, "amount": 0.032, "side": "sell", "timestamp": 1764999201324}, {"id": "2999746260", "price": 89511.7, "amount": 0.026, "side": "sell", "timestamp": 1764999201574}, {"id": "2999746261", "price": 89511.7, "amount": 0.134, "side": "sell", "timestamp": 1764999201835}, {"id": "2999746262", "price": 89511.7, "amount": 0.021, "side": "sell", "timestamp": 1764999202059}, {"id": "2999746263", "price": 89511.7, "amount": 0.457, "side": "sell", "timestamp": 1764999202194}, {"id": "2999746264", "price": 89511.7, "amount": 0.009, "side": "sell", "timestamp": 1764999202314}, {"id": "2999746265", "price": 89511.8, "amount": 0.541, "side": "buy", "timestamp": 1764999202522}, {"id": "2999746266", "price": 89511.7, "amount": 0.012, "side": "sell", "timestamp": 1764999202565}, {"id": "2999746267", "price": 89511.7, "amount": 0.061, "side": "sell", "timestamp": 1764999202667}, {"id": "2999746268", "price": 89511.7, "amount": 0.003, "side": "sell", "timestamp": 1764999202810}, {"id": "2999746269", "price": 89511.7, "amount": 0.012, "side": "sell", "timestamp": 1764999202943}, {"id": "2999746270", "price": 89511.7, "amount": 0.002, "side": "sell", "timestamp": 1764999203191}, {"id": "2999746271", "price": 89511.8, "amount": 0.006, "side": "buy", "timestamp": 1764999203232}, {"id": "2999746272", "price": 89511.7, "amount": 0.002, "side": "sell", "timestamp": 1764999203343}, {"id": "2999746273", "price": 89511.7, "amount": 0.029, "side": "sell", "timestamp": 1764999203493}, {"id": "2999746274", "price": 89511.7, "amount": 0.017, "side": "sell", "timestamp": 1764999203692}, {"id": "2999746275", "price": 89511.7, "amount": 0.022, "side": "sell", "timestamp": 1764999203799}, {"id": "2999746276", "price": 89511.7, "amount": 0.004, "side": "sell", "timestamp": 1764999203992}, {"id": "2999746277", "price": 89511.7, "amount": 0.004, "side": "sell", "timestamp": 1764999204356}, {"id": "2999746278", "price": 89511.7, "amount": 1.125, "side": "sell", "timestamp": 1764999204568}, {"id": "2999746279", "price": 89511.7, "amount": 0.005, "side": "sell", "timestamp": 1764999204777}, {"id": "2999746280", "price": 89511.7, "amount": 0.045, "side": "sell", "timestamp": 1764999204887}, {"id": "2999746281", "price": 89511.8, "amount": 0.017, "side": "buy", "timestamp": 1764999205045}, {"id": "2999746282", "price": 89511.7, "amount": 0.067, "side": "sell", "timestamp": 1764999205057}, {"id": "2999746283", "price": 89511.7, "amount": 0.013, "side": "sell", "timestamp": 1764999205760}, {"id": "2999746284", "price": 89511.8, "amount": 0.002, "side": "buy", "timestamp": 1764999206278}, {"id": "2999746285", "price": 89511.7, "amount": 0.002, "side": "sell", "timestamp": 1764999206421}, {"id": "2999746286", "price": 89511.7, "amount": 0.052, "side": "sell", "timestamp": 1764999206611}, {"id": "2999746287", "price": 89511.7, "amount": 0.049, "side": "sell", "timestamp": 1764999207002}, {"id": "2999746712", "price": 89493.5, "amount": 0.005, "side": "sell", "timestamp": 1764999258212}, {"id": "2999746713", "price": 89493.3, "amount": 0.003, "side": "sell", "timestamp": 1764999258212}, {"id": "2999746714", "price": 89492.8, "amount": 0.031, "side": "sell", "timestamp": 1764999258215}, {"id": "2999746715", "price": 89492.5, "amount": 0.033, "side": "sell", "timestamp": 1764999258220}, {"id": "2999746716", "price": 89492.3, "amount": 0.248, "side": "sell", "timestamp": 1764999258271}, {"id": "2999746717", "price": 89492.2, "amount": 0.003, "side": "sell", "timestamp": 1764999258363}, {"id": "2999746718", "price": 89491.8, "amount": 0.003, "side": "sell", "timestamp": 1764999258363}, {"id": "2999746719", "price": 89491.6, "amount": 0.002, "side": "sell", "timestamp": 1764999258363}, {"id": "2999746720", "price": 89491.5, "amount": 0.002, "side": "sell", "timestamp": 1764999258363}, {"id": "2999746721", "price": 89491.3, "amount": 0.003, "side": "sell", "timestamp": 1764999258364}, {"id": "2999746722", "price": 89491.0, "amount": 0.007, "side": "sell", "timestamp": 1764999258364}, {"id": "2999746723", "price": 89490.9, "amount": 0.003, "side": "sell", "timestamp": 1764999258364}, {"id": "2999746724", "price": 89490.8, "amount": 0.161, "side": "sell", "timestamp": 1764999258364}, {"id": "2999746725", "price": 89490.5, "amount": 0.003, "side": "sell", "timestamp": 1764999258364}, {"id": "2999746726", "price": 89490.4, "amount": 0.002, "side": "sell", "timestamp": 1764999258364}, {"id": "2999746727", "price": 89490.3, "amount": 0.003, "side": "sell", "timestamp": 1764999258364}, {"id": "2999746728", "price": 89490.2, "amount": 0.005, "side": "sell", "timestamp": 1764999258364}, {"id": "2999746729", "price": 89490.1, "amount": 0.05, "side": "sell", "timestamp": 1764999258364}, {"id": "2999746730", "price": 89490.0, "amount": 0.01, "side": "sell", "timestamp": 1764999258364}, {"id": "2999746731", "price": 89489.9, "amount": 0.015, "side": "sell", "timestamp": 1764999258364}, {"id": "2999746732", "price": 89489.8, "amount": 0.006, "side": "sell", "timestamp": 1764999258364}, {"id": "2999746733", "price": 89489.5, "amount": 0.002, "side": "sell", "timestamp": 1764999258366}, {"id": "2999746734", "price": 89489.3, "amount": 0.005, "side": "sell", "timestamp": 1764999258366}, {"id": "2999746735", "price": 89489.2, "amount": 0.002, "side": "sell", "timestamp": 1764999258366}, {"id": "2999746736", "price": 89489.1, "amount": 0.012, "side": "sell", "timestamp": 1764999258367}, {"id": "2999746737", "price": 89489.0, "amount": 0.011, "side": "sell", "timestamp": 1764999258368}, {"id": "2999746738", "price": 89488.8, "amount": 0.005, "side": "sell", "timestamp": 1764999258368}, {"id": "2999746739", "price": 89488.4, "amount": 0.026, "side": "sell", "timestamp": 1764999258368}, {"id": "2999746740", "price": 89488.3, "amount": 0.003, "side": "sell", "timestamp": 1764999258368}, {"id": "2999746741", "price": 89488.2, "amount": 0.002, "side": "sell", "timestamp": 1764999258368}, {"id": "2999746742", "price": 89488.0, "amount": 0.002, "side": "sell", "timestamp": 1764999258368}, {"id": "2999746743", "price": 89487.8, "amount": 0.006, "side": "sell", "timestamp": 1764999258368}, {"id": "2999746744", "price": 89487.6, "amount": 0.005, "side": "sell", "timestamp": 1764999258368}, {"id": "2999746745", "price": 89487.4, "amount": 0.015, "side": "sell", "timestamp": 1764999258368}, {"id": "2999746746", "price": 89487.3, "amount": 0.003, "side": "sell", "timestamp": 1764999258368}, {"id": "2999746747", "price": 89487.2, "amount": 0.004, "side": "sell", "timestamp": 1764999258368}, {"id": "2999746748", "price": 89487.1, "amount": 0.011, "side": "sell", "timestamp": 1764999258368}, {"id": "2999746749", "price": 89487.0, "amount": 0.005, "side": "sell", "timestamp": 1764999258368}, {"id": "2999746750", "price": 89486.9, "amount": 0.002, "side": "sell", "timestamp": 1764999258368}, {"id": "2999746751", "price": 89486.8, "amount": 0.008, "side": "sell", "timestamp": 1764999258368}, {"id": "2999746752", "price": 89486.3, "amount": 0.007, "side": "sell", "timestamp": 1764999258368}, {"id": "2999746753", "price": 89486.2, "amount": 0.003, "side": "sell", "timestamp": 1764999258368}, {"id": "2999746754", "price": 89486.1, "amount": 0.254, "side": "sell", "timestamp": 1764999258368}, {"id": "2999746755", "price": 89485.8, "amount": 0.003, "side": "sell", "timestamp": 1764999258368}, {"id": "2999746756", "price": 89485.7, "amount": 0.002, "side": "sell", "timestamp": 1764999258368}, {"id": "2999746757", "price": 89485.6, "amount": 0.002, "side": "sell", "timestamp": 1764999258368}, {"id": "2999746758", "price": 89485.4, "amount": 0.003, "side": "sell", "timestamp": 1764999258368}, {"id": "2999746759", "price": 89485.3, "amount": 0.019, "side": "sell", "timestamp": 1764999258368}, {"id": "2999746760", "price": 89485.2, "amount": 0.033, "side": "sell", "timestamp": 1764999258368}, {"id": "2999746761", "price": 89485.1, "amount": 0.074, "side": "sell", "timestamp": 1764999258368}, {"id": "2999747098", "price": 89509.9, "amount": 0.002, "side": "sell", "timestamp": 1764999304531}, {"id": "2999747099", "price": 89509.9, "amount": 0.007, "side": "sell", "timestamp": 1764999304871}, {"id": "2999747100", "price": 89510.0, "amount": 0.002, "side": "buy", "timestamp": 1764999304889}, {"id": "2999747101", "price": 89509.9, "amount": 0.002, "side": "sell", "timestamp": 1764999305094}, {"id": "2999747102", "price": 89510.0, "amount": 0.002, "side": "buy", "timestamp": 1764999305205}, {"id": "2999747103", "price": 89510.0, "amount": 0.08, "side": "buy", "timestamp": 1764999305397}, {"id": "2999747104", "price": 89510.0, "amount": 0.013, "side": "buy", "timestamp": 1764999306100}, {"id": "2999747105", "price": 89510.0, "amount": 0.002, "side": "buy", "timestamp": 1764999306253}, {"id": "2999747106", "price": 89509.9, "amount": 0.091, "side": "sell", "timestamp": 1764999306300}, {"id": "2999747107", "price": 89510.0, "amount": 0.007, "side": "buy", "timestamp": 1764999306469}, {"id": "2999747108", "price": 89509.9, "amount": 0.031, "side": "sell", "timestamp": 1764999306638}, {"id": "2999747109", "price": 89509.9, "amount": 0.014, "side": "sell", "timestamp": 1764999306830}, {"id": "2999747110", "price": 89509.9, "amount": 0.002, "side": "sell", "timestamp": 1764999307544}, {"id": "2999747111", "price": 89510.0, "amount": 0.002, "side": "buy", "timestamp": 1764999307758}, {"id": "2999747112", "price": 89509.9, "amount": 0.003, "side": "sell", "timestamp": 1764999308223}, {"id": "2999747113", "price": 89509.9, "amount": 0.361, "side": "sell", "timestamp": 1764999308337}, {"id": "2999747114", "price": 89509.8, "amount": 0.476, "side": "sell", "timestamp": 1764999308338}, {"id": "2999747115", "price": 89509.4, "amount": 0.002, "side": "sell", "timestamp": 1764999308338}, {"id": "2999747116", "price": 89509.3, "amount": 0.006, "side": "sell", "timestamp": 1764999308338}, {"id": "2999747117", "price": 89509.2, "amount": 0.002, "side": "sell", "timestamp": 1764999308338}, {"id": "2999747118", "price": 89508.9, "amount": 0.037, "side": "sell", "timestamp": 1764999308343}, {"id": "2999747119", "price": 89508.7, "amount": 0.003, "side": "sell", "timestamp": 1764999308345}, {"id": "2999747120", "price": 89508.5, "amount": 0.002, "side": "sell", "timestamp": 1764999308345}, {"id": "2999747121", "price": 89508.2, "amount": 0.003, "side": "sell", "timestamp": 1764999308345}, {"id": "2999747122", "price": 89508.1, "amount": 0.002, "side": "sell", "timestamp": 1764999308345}, {"id": "2999747123", "price": 89508.0, "amount": 0.008, "side": "sell", "timestamp": 1764999308345}, {"id": "2999747124", "price": 89507.9, "amount": 0.003, "side": "sell", "timestamp": 1764999308345}, {"id": "2999747125", "price": 89507.7, "amount": 0.003, "side": "sell", "timestamp": 1764999308346}, {"id": "2999747126", "price": 89507.6, "amount": 0.004, "side": "sell", "timestamp": 1764999308346}, {"id": "2999747127", "price": 89507.2, "amount": 0.006, "side": "sell", "timestamp": 1764999308349}, {"id": "2999747128", "price": 89507.1, "amount": 0.003, "side": "sell", "timestamp": 1764999308349}, {"id": "2999747129", "price": 89506.8, "amount": 0.002, "side": "sell", "timestamp": 1764999308349}, {"id": "2999747130", "price": 89506.7, "amount": 0.004, "side": "sell", "timestamp": 1764999308349}, {"id": "2999747131", "price": 89506.5, "amount": 0.011, "side": "sell", "timestamp": 1764999308349}, {"id": "2999747132", "price": 89506.4, "amount": 0.006, "side": "sell", "timestamp": 1764999308352}, {"id": "2999747133", "price": 89505.9, "amount": 0.003, "side": "sell", "timestamp": 1764999308352}, {"id": "2999747134", "price": 89505.8, "amount": 0.004, "side": "sell", "timestamp": 1764999308352}, {"id": "2999747135", "price": 89505.4, "amount": 0.003, "side": "sell", "timestamp": 1764999308352}, {"id": "2999747136", "price": 89505.0, "amount": 0.004, "side": "sell", "timestamp": 1764999308356}, {"id": "2999747137", "price": 89504.9, "amount": 0.022, "side": "sell", "timestamp": 1764999308358}, {"id": "2999747138", "price": 89504.8, "amount": 0.006, "side": "sell", "timestamp": 1764999308359}, {"id": "2999747139", "price": 89504.6, "amount": 0.003, "side": "sell", "timestamp": 1764999308359}, {"id": "2999747140", "price": 89504.4, "amount": 0.005, "side": "sell", "timestamp": 1764999308359}, {"id": "2999747141", "price": 89504.3, "amount": 0.002, "side": "sell", "timestamp": 1764999308359}, {"id": "2999747142", "price": 89504.1, "amount": 0.015, "side": "sell", "timestamp": 1764999308416}, {"id": "2999747143", "price": 89504.0, "amount": 0.008, "side": "sell", "timestamp": 1764999308416}, {"id": "2999747144", "price": 89503.6, "amount": 0.03, "side": "sell", "timestamp": 1764999308418}, {"id": "2999747145", "price": 89503.3, "amount": 0.034, "side": "sell", "timestamp": 1764999308426}, {"id": "2999747146", "price": 89503.4, "amount": 0.002, "side": "buy", "timestamp": 1764999308573}, {"id": "2999747147", "price": 89503.3, "amount": 0.03, "side": "sell", "timestamp": 1764999308800}, {"id": "2999747336", "price": 89520.2, "amount": 0.002, "side": "buy", "timestamp": 1764999343039}, {"id": "2999747337", "price": 89520.2, "amount": 0.044, "side": "buy", "timestamp": 1764999343276}, {"id": "2999747338", "price": 89520.2, "amount": 0.002, "side": "buy", "timestamp": 1764999343628}, {"id": "2999747339", "price": 89520.1, "amount": 0.002, "side": "sell", "timestamp": 1764999343996}, {"id": "2999747340", "price": 89520.2, "amount": 0.003, "side": "buy", "timestamp": 1764999344079}, {"id": "2999747341", "price": 89520.2, "amount": 0.004, "side": "buy", "timestamp": 1764999344305}, {"id": "2999747342", "price": 89520.2, "amount": 0.01, "side": "buy", "timestamp": 1764999345892}, {"id": "2999747343", "price": 89520.2, "amount": 0.002, "side": "buy", "timestamp": 1764999346054}, {"id": "2999747344", "price": 89520.1, "amount": 0.002, "side": "sell", "timestamp": 1764999347007}, {"id": "2999747345", "price": 89520.2, "amount": 0.033, "side": "buy", "timestamp": 1764999348009}, {"id": "2999747346", "price": 89520.2, "amount": 0.003, "side": "buy", "timestamp": 1764999348345}, {"id": "2999747347", "price": 89520.1, "amount": 0.009, "side": "sell", "timestamp": 1764999348747}, {"id": "2999747348", "price": 89520.2, "amount": 0.049, "side": "buy", "timestamp": 1764999348859}, {"id": "2999747349", "price": 89520.2, "amount": 0.002, "side": "buy", "timestamp": 1764999349081}, {"id": "2999747350", "price": 89520.2, "amount": 0.078, "side": "buy", "timestamp": 1764999349700}, {"id": "2999747351", "price": 89520.1, "amount": 0.001, "side": "sell", "timestamp": 1764999349856}, {"id": "2999747352", "price": 89520.1, "amount": 0.002, "side": "sell", "timestamp": 1764999350033}, {"id": "2999747353", "price": 89520.2, "amount": 0.025, "side": "buy", "timestamp": 1764999350053}, {"id": "2999747354", "price": 89520.2, "amount": 0.008, "side": "buy", "timestamp": 1764999350330}, {"id": "2999747355", "price": 89520.2, "amount": 0.024, "side": "buy", "timestamp": 1764999350670}, {"id": "2999747356", "price": 89520.1, "amount": 0.002, "side": "sell", "timestamp": 1764999350742}, {"id": "2999747357", "price": 89520.2, "amount": 0.001, "side": "buy", "timestamp": 1764999350783}, {"id": "2999747358", "price": 89520.2, "amount": 0.011, "side": "buy", "timestamp": 1764999350917}, {"id": "2999747359", "price": 89520.2, "amount": 2.014, "side": "buy", "timestamp": 1764999351134}, {"id": "2999747360", "price": 89520.1, "amount": 0.002, "side": "sell", "timestamp": 1764999352015}, {"id": "2999747361", "price": 89520.2, "amount": 0.002, "side": "buy", "timestamp": 1764999352106}, {"id": "2999747362", "price": 89520.1, "amount": 0.002, "side": "sell", "timestamp": 1764999353059}, {"id": "2999747363", "price": 89520.2, "amount": 0.032, "side": "buy", "timestamp": 1764999353279}, {"id": "2999747364", "price": 89520.2, "amount": 0.068, "side": "buy", "timestamp": 1764999353890}, {"id": "2999747365", "price": 89520.2, "amount": 0.002, "side": "buy", "timestamp": 1764999355120}, {"id": "2999747366", "price": 89520.2, "amount": 0.011, "side": "buy", "timestamp": 1764999356045}, {"id": "2999747367", "price": 89520.1, "amount": 0.002, "side": "sell", "timestamp": 1764999356070}, {"id": "2999747368", "price": 89520.2, "amount": 0.082, "side": "buy", "timestamp": 1764999356776}, {"id": "2999747369", "price": 89520.2, "amount": 0.03, "side": "buy", "timestamp": 1764999356970}, {"id": "2999747370", "price": 89520.2, "amount": 0.006, "side": "buy", "timestamp": 1764999357085}, {"id": "2999747371", "price": 89520.1, "amount": 0.224, "side": "sell", "timestamp": 1764999357289}, {"id": "2999747372", "price": 89520.1, "amount": 0.005, "side": "sell", "timestamp": 1764999357764}, {"id": "2999747373", "price": 89520.1, "amount": 0.05, "side": "sell", "timestamp": 1764999358062}, {"id": "2999747374", "price": 89520.2, "amount": 0.005, "side": "buy", "timestamp": 1764999358093}, {"id": "2999747375", "price": 89520.1, "amount": 0.004, "side": "sell", "timestamp": 1764999358176}, {"id": "2999747376", "price": 89520.1, "amount": 0.016, "side": "sell", "timestamp": 1764999358332}, {"id": "2999747377", "price": 89520.1, "amount": 0.006, "side": "sell", "timestamp": 1764999358503}, {"id": "2999747378", "price": 89520.1, "amount": 0.002, "side": "sell", "timestamp": 1764999359128}, {"id": "2999747379", "price": 89520.1, "amount": 0.017, "side": "sell", "timestamp": 1764999359677}, {"id": "2999747380", "price": 89520.1, "amount": 0.013, "side": "sell", "timestamp": 1764999359901}, {"id": "2999747381", "price": 89520.2, "amount": 0.022, "side": "buy", "timestamp": 1764999360235}, {"id": "2999747382", "price": 89520.1, "amount": 0.002, "side": "sell", "timestamp": 1764999360286}, {"id": "2999747383", "price": 89520.2, "amount": 0.011, "side": "buy", "timestamp": 1764999360418}, {"id": "2999747384", "price": 89520.1, "amount": 0.047, "side": "sell", "timestamp": 1764999360677}, {"id": "2999747385", "price": 89520.2, "amount": 0.002, "side": "buy", "timestamp": 1764999361146}, {"id": "2999747753", "price": 89498.7, "amount": 0.03, "side": "sell", "timestamp": 1764999403008}, {"id": "2999747754", "price": 89498.8, "amount": 0.002, "side": "buy", "timestamp": 1764999403593}, {"id": "2999747755", "price": 89498.8, "amount": 0.1, "side": "buy", "timestamp": 1764999403734}, {"id": "2999747756", "price": 89498.7, "amount": 0.002, "side": "sell", "timestamp": 1764999403826}, {"id": "2999747757", "price": 89498.8, "amount": 0.001, "side": "buy", "timestamp": 1764999404147}, {"id": "2999747758", "price": 89498.7, "amount": 0.01, "side": "sell", "timestamp": 1764999404282}, {"id": "2999747759", "price": 89498.7, "amount": 0.002, "side": "sell", "timestamp": 1764999404606}, {"id": "2999747760", "price": 89498.7, "amount": 0.005, "side": "sell", "timestamp": 1764999404929}, {"id": "2999747761", "price": 89498.8, "amount": 0.162, "side": "buy", "timestamp": 1764999404985}, {"id": "2999747762", "price": 89498.7, "amount": 0.06, "side": "sell", "timestamp": 1764999405232}, {"id": "2999747763", "price": 89498.8, "amount": 0.005, "side": "buy", "timestamp": 1764999405892}, {"id": "2999747764", "price": 89498.7, "amount": 0.002, "side": "sell", "timestamp": 1764999406085}, {"id": "2999747765", "price": 89498.7, "amount": 0.065, "side": "sell", "timestamp": 1764999406256}, {"id": "2999747766", "price": 89498.8, "amount": 0.002, "side": "buy", "timestamp": 1764999406606}, {"id": "2999747767", "price": 89498.8, "amount": 0.054, "side": "buy", "timestamp": 1764999406707}, {"id": "2999747768", "price": 89498.7, "amount": 0.016, "side": "sell", "timestamp": 1764999406744}, {"id": "2999747769", "price": 89498.8, "amount": 0.002, "side": "buy", "timestamp": 1764999406845}, {"id": "2999747770", "price": 89498.7, "amount": 0.002, "side": "sell", "timestamp": 1764999406860}, {"id": "2999747771", "price": 89498.7, "amount": 0.004, "side": "sell", "timestamp": 1764999407044}, {"id": "2999747772", "price": 89498.7, "amount": 0.013, "side": "sell", "timestamp": 1764999407288}, {"id": "2999747773", "price": 89498.7, "amount": 0.002, "side": "sell", "timestamp": 1764999407658}, {"id": "2999747774", "price": 89498.7, "amount": 0.126, "side": "sell", "timestamp": 1764999409342}, {"id": "2999747775", "price": 89498.7, "amount": 0.002, "side": "sell", "timestamp": 1764999409613}, {"id": "2999747776", "price": 89498.8, "amount": 0.002, "side": "buy", "timestamp": 1764999409620}, {"id": "2999747777", "price": 89498.7, "amount": 1.634, "side": "sell", "timestamp": 1764999409746}, {"id": "2999747778", "price": 89498.8, "amount": 0.002, "side": "buy", "timestamp": 1764999410046}, {"id": "2999747779", "price": 89498.8, "amount": 0.009, "side": "buy", "timestamp": 1764999410547}, {"id": "2999747780", "price": 89498.7, "amount": 0.002, "side": "sell", "timestamp": 1764999410669}, {"id": "2999747781", "price": 89498.7, "amount": 0.014, "side": "sell", "timestamp": 1764999410988}, {"id": "2999747782", "price": 89498.8, "amount": 0.002, "side": "buy", "timestamp": 1764999412644}, {"id": "2999747783", "price": 89498.7, "amount": 1.413, "side": "sell", "timestamp": 1764999413097}, {"id": "2999747784", "price": 89498.6, "amount": 0.018, "side": "sell", "timestamp": 1764999413153}, {"id": "2999747785", "price": 89497.8, "amount": 0.002, "side": "sell", "timestamp": 1764999413153}, {"id": "2999747786", "price": 89497.6, "amount": 0.002, "side": "sell", "timestamp": 1764999413153}, {"id": "2999747787", "price": 89496.7, "amount": 0.006, "side": "sell", "timestamp": 1764999413156}, {"id": "2999747788", "price": 89496.1, "amount": 0.018, "side": "sell", "timestamp": 1764999413156}, {"id": "2999747789", "price": 89496.0, "amount": 0.002, "side": "sell", "timestamp": 1764999413160}, {"id": "2999747790", "price": 89495.9, "amount": 0.003, "side": "sell", "timestamp": 1764999413160}, {"id": "2999747791", "price": 89495.6, "amount": 0.002, "side": "sell", "timestamp": 1764999413160}, {"id": "2999747792", "price": 89495.0, "amount": 0.01, "side": "sell", "timestamp": 1764999413160}, {"id": "2999747793", "price": 89494.7, "amount": 0.006, "side": "sell", "timestamp": 1764999413165}, {"id": "2999747794", "price": 89494.2, "amount": 0.003, "side": "sell", "timestamp": 1764999413167}, {"id": "2999747795", "price": 89493.7, "amount": 0.003, "side": "sell", "timestamp": 1764999413167}, {"id": "2999747796", "price": 89493.3, "amount": 0.002, "side": "sell", "timestamp": 1764999413167}, {"id": "2999747797", "price": 89493.2, "amount": 0.003, "side": "sell", "timestamp": 1764999413167}, {"id": "2999747798", "price": 89493.0, "amount": 0.002, "side": "sell", "timestamp": 1764999413167}, {"id": "2999747799", "price": 89492.7, "amount": 0.006, "side": "sell", "timestamp": 1764999413167}, {"id": "2999747800", "price": 89492.4, "amount": 0.014, "side": "sell", "timestamp": 1764999413213}, {"id": "2999747801", "price": 89492.5, "amount": 0.004, "side": "buy", "timestamp": 1764999413364}, {"id": "2999747802", "price": 89492.4, "amount": 0.067, "side": "sell", "timestamp": 1764999413680}, {"id": "2999747904", "price": 89496.8, "amount": 0.002, "side": "buy", "timestamp": 1764999444916}, {"id": "2999747905", "price": 89496.8, "amount": 0.007, "side": "buy", "timestamp": 1764999445256}, {"id": "2999747906", "price": 89496.8, "amount": 0.005, "side": "buy", "timestamp": 1764999445520}, {"id": "2999747907", "price": 89496.7, "amount": 0.006, "side": "sell", "timestamp": 1764999445582}, {"id": "2999747908", "price": 89496.8, "amount": 0.002, "side": "buy", "timestamp": 1764999445765}, {"id": "2999747909", "price": 89496.8, "amount": 0.004, "side": "buy", "timestamp": 1764999445949}, {"id": "2999747910", "price": 89496.7, "amount": 0.002, "side": "sell", "timestamp": 1764999446917}, {"id": "2999747911", "price": 89496.8, "amount": 0.002, "side": "buy", "timestamp": 1764999448974}, {"id": "2999747912", "price": 89496.7, "amount": 0.014, "side": "sell", "timestamp": 1764999449010}, {"id": "2999747913", "price": 89496.7, "amount": 0.129, "side": "sell", "timestamp": 1764999449474}, {"id": "2999747914", "price": 89496.8, "amount": 0.002, "side": "buy", "timestamp": 1764999449733}, {"id": "2999747915", "price": 89496.7, "amount": 0.004, "side": "sell", "timestamp": 1764999449871}, {"id": "2999747916", "price": 89496.7, "amount": 0.011, "side": "sell", "timestamp": 1764999450300}, {"id": "2999747917", "price": 89496.7, "amount": 0.002, "side": "sell", "timestamp": 1764999450725}, {"id": "2999747918", "price": 89496.7, "amount": 0.007, "side": "sell", "timestamp": 1764999451196}, {"id": "2999747919", "price": 89496.7, "amount": 0.124, "side": "sell", "timestamp": 1764999451478}, {"id": "2999747920", "price": 89496.8, "amount": 0.002, "side": "buy", "timestamp": 1764999451999}, {"id": "2999747921", "price": 89496.7, "amount": 0.023, "side": "sell", "timestamp": 1764999452099}, {"id": "2999747922", "price": 89496.7, "amount": 0.002, "side": "sell", "timestamp": 1764999452303}, {"id": "2999747923", "price": 89496.7, "amount": 0.002, "side": "sell", "timestamp": 1764999452973}, {"id": "2999747924", "price": 89496.8, "amount": 0.28, "side": "buy", "timestamp": 1764999453119}, {"id": "2999747925", "price": 89496.7, "amount": 0.335, "side": "sell", "timestamp": 1764999453690}, {"id": "2999747926", "price": 89496.7, "amount": 0.012, "side": "sell", "timestamp": 1764999454097}, {"id": "2999747927", "price": 89496.8, "amount": 0.02, "side": "buy", "timestamp": 1764999454671}, {"id": "2999747928", "price": 89496.7, "amount": 0.055, "side": "sell", "timestamp": 1764999455023}, {"id": "2999747929", "price": 89496.8, "amount": 0.002, "side": "buy", "timestamp": 1764999455070}, {"id": "2999747930", "price": 89496.7, "amount": 0.002, "side": "sell", "timestamp": 1764999455995}, {"id": "2999747931", "price": 89496.7, "amount": 0.002, "side": "sell", "timestamp": 1764999457011}, {"id": "2999747932", "price": 89496.8, "amount": 0.002, "side": "buy", "timestamp": 1764999457044}, {"id": "2999747933", "price": 89496.8, "amount": 0.002, "side": "buy", "timestamp": 1764999458087}, {"id": "2999747934", "price": 89496.7, "amount": 0.044, "side": "sell", "timestamp": 1764999458213}, {"id": "2999747935", "price": 89496.7, "amount": 0.002, "side": "sell", "timestamp": 1764999458342}, {"id": "2999747936", "price": 89496.7, "amount": 0.024, "side": "sell", "timestamp": 1764999458879}, {"id": "2999747937", "price": 89496.7, "amount": 0.019, "side": "sell", "timestamp": 1764999459020}, {"id": "2999747938", "price": 89496.8, "amount": 0.025, "side": "buy", "timestamp": 1764999459791}, {"id": "2999747939", "price": 89496.7, "amount": 0.004, "side": "sell", "timestamp": 1764999460047}, {"id": "2999747940", "price": 89496.7, "amount": 0.007, "side": "sell", "timestamp": 1764999460501}, {"id": "2999747941", "price": 89496.7, "amount": 0.025, "side": "sell", "timestamp": 1764999460824}, {"id": "2999747942", "price": 89496.8, "amount": 0.022, "side": "buy", "timestamp": 1764999460851}, {"id": "2999747943", "price": 89496.8, "amount": 0.002, "side": "buy", "timestamp": 1764999461113}, {"id": "2999747944", "price": 89496.7, "amount": 0.128, "side": "sell", "timestamp": 1764999461199}, {"id": "2999747945", "price": 89496.7, "amount": 0.011, "side": "sell", "timestamp": 1764999461580}, {"id": "2999747946", "price": 89496.7, "amount": 0.002, "side": "sell", "timestamp": 1764999461754}, {"id": "2999747947", "price": 89496.7, "amount": 0.002, "side": "sell", "timestamp": 1764999462045}, {"id": "2999747948", "price": 89496.8, "amount": 0.08, "side": "buy", "timestamp": 1764999462277}, {"id": "2999747949", "price": 89496.7, "amount": 0.022, "side": "sell", "timestamp": 1764999462683}, {"id": "2999747950", "price": 89496.7, "amount": 0.012, "side": "sell", "timestamp": 1764999463080}, {"id": "2999747951", "price": 89496.8, "amount": 0.002, "side": "buy", "timestamp": 1764999464143}, {"id": "2999747952", "price": 89496.7, "amount": 0.029, "side": "sell", "timestamp": 1764999464690}, {"id": "2999747953", "price": 89496.7, "amount": 0.002, "side": "sell", "timestamp": 1764999465069}, {"id": "2999748196", "price": 89520.1, "amount": 0.002, "side": "buy", "timestamp": 1764999509044}, {"id": "2999748197", "price": 89520.2, "amount": 0.118, "side": "buy", "timestamp": 1764999509044}, {"id": "2999748198", "price": 89520.3, "amount": 0.003, "side": "buy", "timestamp": 1764999509044}, {"id": "2999748199", "price": 89520.5, "amount": 0.012, "side": "buy", "timestamp": 1764999509044}, {"id": "2999748200", "price": 89520.7, "amount": 0.003, "side": "buy", "timestamp": 1764999509044}, {"id": "2999748201", "price": 89520.8, "amount": 0.003, "side": "buy", "timestamp": 1764999509044}, {"id": "2999748202", "price": 89520.9, "amount": 0.058, "side": "buy", "timestamp": 1764999509044}, {"id": "2999748203", "price": 89521.2, "amount": 0.062, "side": "buy", "timestamp": 1764999509047}, {"id": "2999748204", "price": 89521.4, "amount": 0.003, "side": "buy", "timestamp": 1764999509049}, {"id": "2999748205", "price": 89521.6, "amount": 0.014, "side": "buy", "timestamp": 1764999509050}, {"id": "2999748206", "price": 89521.8, "amount": 0.004, "side": "buy", "timestamp": 1764999509052}, {"id": "2999748207", "price": 89521.8, "amount": 0.003, "side": "sell", "timestamp": 1764999509087}, {"id": "2999748208", "price": 89521.9, "amount": 0.002, "side": "buy", "timestamp": 1764999509603}, {"id": "2999748209", "price": 89521.9, "amount": 0.002, "side": "buy", "timestamp": 1764999509818}, {"id": "2999748210", "price": 89521.8, "amount": 0.002, "side": "sell", "timestamp": 1764999509959}, {"id": "2999748211", "price": 89521.8, "amount": 0.674, "side": "sell", "timestamp": 1764999510148}, {"id": "2999748212", "price": 89521.8, "amount": 0.022, "side": "sell", "timestamp": 1764999510311}, {"id": "2999748213", "price": 89521.9, "amount": 0.002, "side": "buy", "timestamp": 1764999510397}, {"id": "2999748214", "price": 89521.8, "amount": 0.177, "side": "sell", "timestamp": 1764999510399}, {"id": "2999748215", "price": 89521.9, "amount": 0.002, "side": "buy", "timestamp": 1764999510500}, {"id": "2999748216", "price": 89521.8, "amount": 0.004, "side": "sell", "timestamp": 1764999510667}, {"id": "2999748217", "price": 89521.9, "amount": 0.033, "side": "buy", "timestamp": 1764999511954}, {"id": "2999748218", "price": 89521.9, "amount": 0.009, "side": "buy", "timestamp": 1764999512135}, {"id": "2999748219", "price": 89521.9, "amount": 0.002, "side": "buy", "timestamp": 1764999512615}, {"id": "2999748220", "price": 89521.9, "amount": 0.014, "side": "buy", "timestamp": 1764999513109}, {"id": "2999748221", "price": 89521.8, "amount": 0.001, "side": "sell", "timestamp": 1764999513314}, {"id": "2999748222", "price": 89521.8, "amount": 0.002, "side": "sell", "timestamp": 1764999513424}, {"id": "2999748223", "price": 89521.9, "amount": 1.68, "side": "buy", "timestamp": 1764999514473}, {"id": "2999748224", "price": 89522.0, "amount": 0.006, "side": "buy", "timestamp": 1764999514477}, {"id": "2999748225", "price": 89522.1, "amount": 0.003, "side": "buy", "timestamp": 1764999514477}, {"id": "2999748226", "price": 89522.4, "amount": 0.013, "side": "buy", "timestamp": 1764999514477}, {"id": "2999748227", "price": 89522.6, "amount": 0.003, "side": "buy", "timestamp": 1764999514477}, {"id": "2999748228", "price": 89522.9, "amount": 0.025, "side": "buy", "timestamp": 1764999514789}, {"id": "2999748229", "price": 89522.9, "amount": 0.46, "side": "buy", "timestamp": 1764999514964}, {"id": "2999748230", "price": 89522.9, "amount": 0.011, "side": "buy", "timestamp": 1764999515210}, {"id": "2999748231", "price": 89523.0, "amount": 0.006, "side": "buy", "timestamp": 1764999515210}, {"id": "2999748232", "price": 89523.1, "amount": 0.002, "side": "buy", "timestamp": 1764999515642}, {"id": "2999748233", "price": 89523.0, "amount": 0.008, "side": "sell", "timestamp": 1764999515689}, {"id": "2999748234", "price": 89523.1, "amount": 0.051, "side": "buy", "timestamp": 1764999515800}, {"id": "2999748235", "price": 89523.0, "amount": 0.004, "side": "sell", "timestamp": 1764999516073}, {"id": "2999748236", "price": 89523.0, "amount": 0.002, "side": "sell", "timestamp": 1764999516435}, {"id": "2999748237", "price": 89523.1, "amount": 0.03, "side": "buy", "timestamp": 1764999516689}, {"id": "2999748238", "price": 89523.1, "amount": 0.009, "side": "buy", "timestamp": 1764999517125}, {"id": "2999748239", "price": 89523.1, "amount": 0.006, "side": "buy", "timestamp": 1764999518471}, {"id": "2999748240", "price": 89523.2, "amount": 0.015, "side": "buy", "timestamp": 1764999518473}