[{"symbol": "SOLUSDT", "bids": [[133.14, 3129.41], [133.13, 523.19], [133.12, 391.41], [133.11, 890.65], [133.1, 1747.92], [133.09, 1754.68], [133.08, 1362.47], [133.07, 1039.77], [133.06, 652.04], [133.05, 945.32], [133.04, 1189.99], [133.03, 1085.08], [133.02, 713.79], [133.01, 916.17], [133.0, 1386.79], [132.99, 536.79], [132.98, 818.25], [132.97, 3072.39], [132.96, 1244.11], [132.95, 3698.84]], "asks": [[133.15, 1025.81], [133.16, 1187.12], [133.17, 836.6], [133.18, 1048.46], [133.19, 1240.96], [133.2, 1432.02], [133.21, 1332.73], [133.22, 1022.26], [133.23, 1037.03], [133.24, 922.04], [133.25, 1013.83], [133.26, 637.07], [133.27, 723.69], [133.28, 1095.9], [133.29, 1115.66], [133.3, 3706.9], [133.31, 561.98], [133.32, 671.71], [133.33, 869.46], [133.34, 2320.15]], "timestamp": "2025-12-06T04:50:46.264943+00:00"}, {"symbol": "SOLUSDT", "bids": [[133.12, 711.3], [133.11, 994.27], [133.1, 1739.11], [133.09, 572.36], [133.08, 713.21], [133.07, 591.18], [133.06, 692.51], [133.05, 1325.74], [133.04, 880.49], [133.03, 1328.21], [133.02, 1120.15], [133.01, 558.23], [133.0, 1193.21], [132.99, 1031.51], [132.98, 1175.16], [132.97, 916.37], [132.96, 2512.52], [132.95, 3789.08], [132.94, 544.12], [132.93, 924.17]], "asks": [[133.13, 1063.76], [133.14, 1270.57], [133.15, 2931.51], [133.16, 4200.59], [133.17, 1238.46], [133.18, 1317.03], [133.19, 1582.71], [133.2, 825.35], [133.21, 1186.8], [133.22, 847.87], [133.23, 1122.71], [133.24, 991.33], [133.25, 944.91], [133.26, 706.87], [133.27, 997.71], [133.28, 1589.67], [133.29, 1464.79], [133.3, 3727.38], [133.31, 1135.1], [133.32, 3993.24]], "timestamp": "2025-12-06T04:51:27.580064+00:00"}, {"symbol": "SOLUSDT", "bids": [[133.08, 613.18], [133.07, 591.74], [133.06, 930.77], [133.05, 549.1], [133.04, 1067.1], [133.03, 1069.85], [133.02, 825.29], [133.01, 805.99], [133.0, 1653.87], [132.99, 971.09], [132.98, 843.71], [132.97, 1128.21], [132.96, 765.05], [132.95, 829.61], [132.94, 953.41], [132.93, 519.51], [132.92, 1441.08], [132.91, 1602.52], [132.9, 946.43], [132.89, 1647.85]], "asks": [[133.09, 323.5], [133.1, 1074.26], [133.11, 510.28], [133.12, 1166.85], [133.13, 1494.48], [133.14, 2329.01], [133.15, 3495.13], [133.16, 1420.22], [133.17, 814.27], [133.18, 772.05], [133.19, 1611.77], [133.2, 3782.81], [133.21, 919.14], [133.22, 1191.69], [133.23, 979.96], [133.24, 1089.94], [133.25, 1027.27], [133.26, 1089.56], [133.27, 1339.31], [133.28, 4813.39]], "timestamp": "2025-12-06T04:52:18.697575+00:00"}, {"symbol": "SOLUSDT", "bids": [[133.16, 1090.11], [133.15, 1539.33], [133.14, 743.06], [133.13, 585.23], [133.12, 1009.78], [133.11, 1192.39], [133.1, 1915.05], [133.09, 1682.04], [133.08, 1025.91], [133.07, 969.9], [133.06, 1391.25], [133.05, 653.57], [133.04, 616.84], [133.03, 676.12], [133.02, 939.08], [133.01, 842.52], [133.0, 2544.0], [132.99, 558.57], [132.98, 852.68], [132.97, 1269.12]], "asks": [[133.17, 330.31], [133.18, 850.3], [133.19, 1429.92], [133.2, 467.17], [133.21, 924.91], [133.22, 1561.1], [133.23, 984.55], [133.24, 963.09], [133.25, 1359.6], [133.26, 841.01], [133.27, 938.75], [133.28, 2224.32], [133.29, 3828.39], [133.3, 644.32], [133.31, 718.53], [133.32, 794.06], [133.33, 1159.19], [133.34, 1228.84], [133.35, 2665.1], [133.36, 827.43]], "timestamp": "2025-12-06T04:53:10.025615+00:00"}, {"symbol": "SOLUSDT", "bids": [[133.13, 221.44], [133.12, 323.06], [133.11, 581.53], [133.1, 1450.83], [133.09, 1535.57], [133.08, 1395.17], [133.07, 845.99], [133.06, 1308.02], [133.05, 1246.36], [133.04, 625.17], [133.03, 782.25], [133.02, 954.0], [133.01, 1063.27], [133.0, 1116.52], [132.99, 585.59], [132.98, 976.18], [132.97, 2618.03], [132.96, 1458.88], [132.95, 3726.19], [132.94, 609.56]], "asks": [[133.14, 972.61], [133.15, 702.1], [133.16, 1409.87], [133.17, 1645.62], [133.18, 1280.76], [133.19, 1688.26], [133.2, 1492.5], [133.21, 1565.74], [133.22, 979.42], [133.23, 1167.87], [133.24, 1283.58], [133.25, 917.38], [133.26, 985.38], [133.27, 780.69], [133.28, 2063.64], [133.29, 3872.24], [133.3, 498.2], [133.31, 669.81], [133.32, 809.08], [133.33, 1207.0]], "timestamp": "2025-12-06T04:54:01.081128+00:00"}, {"symbol": "SOLUSDT", "bids": [[133.14, 142.74], [133.13, 233.14], [133.12, 814.1], [133.11, 638.51], [133.1, 1730.15], [133.09, 1540.46], [133.08, 1155.42], [133.07, 1094.02], [133.06, 1317.4], [133.05, 924.24], [133.04, 599.47], [133.03, 800.32], [133.02, 959.11], [133.01, 1073.46], [133.0, 1100.81], [132.99, 782.72], [132.98, 1063.07], [132.97, 2542.15], [132.96, 795.87], [132.95, 874.45]], "asks": [[133.15, 966.2], [133.16, 1280.16], [133.17, 883.51], [133.18, 1206.18], [133.19, 1066.65], [133.2, 1421.89], [133.21, 1311.18], [133.22, 1255.41], [133.23, 1553.18], [133.24, 1329.82], [133.25, 1277.78], [133.26, 907.49], [133.27, 794.37], [133.28, 2211.43], [133.29, 3750.59], [133.3, 687.71], [133.31, 663.89], [133.32, 786.23], [133.33, 1085.21], [133.34, 2542.7]], "timestamp": "2025-12-06T04:54:52.455545+00:00"}, {"symbol": "SOLUSDT", "bids": [[133.16, 96.11], [133.15, 542.54], [133.14, 735.1], [133.13, 949.75], [133.12, 789.35], [133.11, 1106.64], [133.1, 2200.75], [133.09, 1999.56], [133.08, 622.42], [133.07, 545.9], [133.06, 790.92], [133.05, 554.37], [133.04, 986.38], [133.03, 890.94], [133.02, 804.01], [133.01, 949.3], [133.0, 2634.11], [132.99, 501.55], [132.98, 812.93], [132.97, 1703.82]], "asks": [[133.17, 2212.8], [133.18, 703.68], [133.19, 1888.87], [133.2, 1156.27], [133.21, 722.84], [133.22, 1869.81], [133.23, 940.06], [133.24, 1687.5], [133.25, 1609.77], [133.26, 749.41], [133.27, 883.77], [133.28, 1727.78], [133.29, 791.22], [133.3, 798.89], [133.31, 1149.32], [133.32, 1391.46], [133.33, 3505.81], [133.34, 906.12], [133.35, 562.09], [133.36, 1147.51]], "timestamp": "2025-12-06T04:55:44.037265+00:00"}, {"symbol": "SOLUSDT", "bids": [[133.17, 1277.05], [133.16, 1161.97], [133.15, 499.34], [133.14, 944.34], [133.13, 1121.65], [133.12, 1061.87], [133.11, 1140.98], [133.1, 2303.78], [133.09, 2080.19], [133.08, 548.99], [133.07, 670.88], [133.06, 783.11], [133.05, 495.93], [133.04, 986.27], [133.03, 882.12], [133.02, 958.88], [133.01, 749.14], [133.0, 2614.09], [132.99, 607.6], [132.98, 1234.88]], "asks": [[133.18, 225.98], [133.19, 1066.65], [133.2, 1121.34], [133.21, 690.95], [133.22, 1633.21], [133.23, 1201.43], [133.24, 1809.38], [133.25, 1675.3], [133.26, 827.09], [133.27, 924.3], [133.28, 1249.8], [133.29, 932.23], [133.3, 989.86], [133.31, 1741.5], [133.32, 3938.75], [133.33, 539.85], [133.34, 1336.23], [133.35, 576.95], [133.36, 817.51], [133.37, 2843.09]], "timestamp": "2025-12-06T04:56:35.093910+00:00"}, {"symbol": "SOLUSDT", "bids": [[133.17, 200.34], [133.16, 775.99], [133.15, 493.83], [133.14, 428.83], [133.13, 1334.81], [133.12, 1307.58], [133.11, 1544.25], [133.1, 2109.02], [133.09, 1758.44], [133.08, 577.94], [133.07, 656.63], [133.06, 768.19], [133.05, 553.37], [133.04, 1267.95], [133.03, 682.95], [133.02, 1034.78], [133.01, 1251.08], [133.0, 2518.48], [132.99, 487.09], [132.98, 835.01]], "asks": [[133.18, 1579.26], [133.19, 957.21], [133.2, 1063.45], [133.21, 932.71], [133.22, 831.3], [133.23, 1700.91], [133.24, 1609.83], [133.25, 2095.72], [133.26, 1129.59], [133.27, 762.1], [133.28, 1124.34], [133.29, 906.96], [133.3, 963.04], [133.31, 1740.58], [133.32, 3766.63], [133.33, 826.34], [133.34, 1341.88], [133.35, 660.04], [133.36, 877.96], [133.37, 3001.16]], "timestamp": "2025-12-06T04:57:26.905907+00:00"}, {"symbol": "SOLUSDT", "bids": [[133.16, 894.29], [133.15, 643.94], [133.14, 890.74], [133.13, 1308.96], [133.12, 1617.33], [133.11, 1503.96], [133.1, 1990.0], [133.09, 1237.26], [133.08, 880.45], [133.07, 585.71], [133.06, 850.13], [133.05, 519.18], [133.04, 1006.61], [133.03, 671.55], [133.02, 777.93], [133.01, 742.13], [133.0, 2536.57], [132.99, 448.89], [132.98, 737.55], [132.97, 1690.84]], "asks": [[133.17, 62.15], [133.18, 578.53], [133.19, 810.6], [133.2, 901.2], [133.21, 880.48], [133.22, 994.64], [133.23, 1463.43], [133.24, 1420.7], [133.25, 1992.47], [133.26, 1134.68], [133.27, 789.83], [133.28, 1262.62], [133.29, 901.68], [133.3, 1480.85], [133.31, 4331.49], [133.32, 755.42], [133.33, 579.73], [133.34, 1177.93], [133.35, 639.56], [133.36, 814.3]], "timestamp": "2025-12-06T04:58:18.897429+00:00"}, {"symbol": "SOLUSDT", "bids": [[133.05, 950.44], [133.04, 642.36], [133.03, 271.56], [133.02, 720.54], [133.01, 589.26], [133.0, 1625.36], [132.99, 583.56], [132.98, 731.76], [132.97, 955.11], [132.96, 1150.31], [132.95, 1242.2], [132.94, 718.66], [132.93, 676.98], [132.92, 1195.49], [132.91, 823.41], [132.9, 1473.48], [132.89, 1415.26], [132.88, 2007.91], [132.87, 1134.95], [132.86, 688.64]], "asks": [[133.06, 404.04], [133.07, 542.79], [133.08, 1256.39], [133.09, 2114.4], [133.1, 2451.0], [133.11, 1419.73], [133.12, 2545.36], [133.13, 2466.81], [133.14, 3003.85], [133.15, 764.8], [133.16, 1182.78], [133.17, 1218.37], [133.18, 849.74], [133.19, 948.94], [133.2, 886.99], [133.21, 654.97], [133.22, 949.81], [133.23, 706.4], [133.24, 1373.56], [133.25, 3377.52]], "timestamp": "2025-12-06T04:59:10.204209+00:00"}, {"symbol": "SOLUSDT", "bids": [[133.13, 809.18], [133.12, 560.75], [133.11, 904.38], [133.1, 855.45], [133.09, 690.74], [133.08, 1818.31], [133.07, 1773.88], [133.06, 1372.21], [133.05, 2013.7], [133.04, 1648.12], [133.03, 911.44], [133.02, 1284.68], [133.01, 1149.53], [133.0, 1042.77], [132.99, 608.29], [132.98, 1063.63], [132.97, 2248.97], [132.96, 1425.52], [132.95, 592.23], [132.94, 645.36]], "asks": [[133.14, 202.77], [133.15, 314.84], [133.16, 812.46], [133.17, 612.89], [133.18, 759.95], [133.19, 2136.73], [133.2, 1003.09], [133.21, 850.57], [133.22, 1198.6], [133.23, 676.38], [133.24, 800.98], [133.25, 994.31], [133.26, 1466.88], [133.27, 3739.93], [133.28, 1008.81], [133.29, 845.27], [133.3, 1145.11], [133.31, 2325.17], [133.32, 1815.37], [133.33, 1026.94]], "timestamp": "2025-12-06T05:00:01.399430+00:00"}, {"symbol": "SOLUSDT", "bids": [[133.2, 1665.9], [133.19, 767.28], [133.18, 712.63], [133.17, 930.01], [133.16, 966.05], [133.15, 1641.79], [133.14, 1544.72], [133.13, 1336.43], [133.12, 2133.58], [133.11, 1400.3], [133.1, 1892.4], [133.09, 785.39], [133.08, 860.77], [133.07, 711.07], [133.06, 721.64], [133.05, 1378.79], [133.04, 923.15], [133.03, 2085.85], [133.02, 873.19], [133.01, 1351.38]], "asks": [[133.21, 175.27], [133.22, 1032.99], [133.23, 754.73], [133.24, 1445.44], [133.25, 1078.52], [133.26, 1257.31], [133.27, 750.3], [133.28, 959.25], [133.29, 798.22], [133.3, 708.3], [133.31, 1058.94], [133.32, 1468.1], [133.33, 3707.49], [133.34, 1245.05], [133.35, 1250.98], [133.36, 991.16], [133.37, 1836.31], [133.38, 1097.49], [133.39, 919.0], [133.4, 2566.16]], "timestamp": "2025-12-06T05:00:52.808754+00:00"}, {"symbol": "SOLUSDT", "bids": [[133.33, 1386.99], [133.32, 763.12], [133.31, 521.05], [133.3, 883.64], [133.29, 1146.31], [133.28, 1205.12], [133.27, 1231.04], [133.26, 1695.02], [133.25, 2107.29], [133.24, 1342.05], [133.23, 1258.38], [133.22, 534.4], [133.21, 1059.88], [133.2, 883.4], [133.19, 846.83], [133.18, 866.93], [133.17, 729.93], [133.16, 2125.49], [133.15, 889.72], [133.14, 855.1]], "asks": [[133.34, 73.84], [133.35, 174.4], [133.36, 625.43], [133.37, 540.52], [133.38, 1159.62], [133.39, 1711.87], [133.4, 1142.96], [133.41, 730.78], [133.42, 859.56], [133.43, 753.6], [133.44, 858.62], [133.45, 1248.94], [133.46, 1347.93], [133.47, 3546.26], [133.48, 491.61], [133.49, 904.32], [133.5, 1297.22], [133.51, 1799.51], [133.52, 1296.3], [133.53, 2857.5]], "timestamp": "2025-12-06T05:01:44.290396+00:00"}, {"symbol": "SOLUSDT", "bids": [[133.3, 602.24], [133.29, 870.06], [133.28, 702.6], [133.27, 753.09], [133.26, 1994.9], [133.25, 2674.32], [133.24, 855.4], [133.23, 1533.43], [133.22, 813.16], [133.21, 979.37], [133.2, 815.76], [133.19, 630.87], [133.18, 1049.07], [133.17, 514.79], [133.16, 1019.39], [133.15, 624.37], [133.14, 618.62], [133.13, 2625.03], [133.12, 1030.62], [133.11, 524.36]], "asks": [[133.31, 845.52], [133.32, 564.1], [133.33, 1281.88], [133.34, 888.11], [133.35, 1150.48], [133.36, 915.38], [133.37, 2069.66], [133.38, 1445.74], [133.39, 1528.92], [133.4, 705.97], [133.41, 1082.23], [133.42, 1061.09], [133.43, 970.46], [133.44, 3915.17], [133.45, 1580.01], [133.46, 965.1], [133.47, 487.33], [133.48, 778.94], [133.49, 1364.04], [133.5, 2565.74]], "timestamp": "2025-12-06T05:02:35.413604+00:00"}, {"symbol": "SOLUSDT", "bids": [[133.24, 1115.48], [133.23, 789.89], [133.22, 798.73], [133.21, 792.42], [133.2, 627.94], [133.19, 781.11], [133.18, 1953.27], [133.17, 1053.0], [133.16, 982.34], [133.15, 1137.95], [133.14, 804.68], [133.13, 1129.57], [133.12, 805.74], [133.11, 761.36], [133.1, 998.22], [133.09, 970.67], [133.08, 2051.74], [133.07, 540.68], [133.06, 1238.23], [133.05, 4453.71]], "asks": [[133.25, 99.6], [133.26, 552.85], [133.27, 780.71], [133.28, 1654.89], [133.29, 2118.49], [133.3, 2222.54], [133.31, 1649.94], [133.32, 1266.11], [133.33, 1205.5], [133.34, 718.92], [133.35, 658.52], [133.36, 1363.03], [133.37, 4190.76], [133.38, 1125.26], [133.39, 1123.2], [133.4, 793.73], [133.41, 1208.76], [133.42, 980.97], [133.43, 1201.19], [133.44, 2650.46]], "timestamp": "2025-12-06T05:03:26.787002+00:00"}, {"symbol": "SOLUSDT", "bids": [[133.21, 165.39], [133.2, 208.43], [133.19, 791.56], [133.18, 708.79], [133.17, 1231.92], [133.16, 1276.93], [133.15, 1926.85], [133.14, 1203.48], [133.13, 1108.64], [133.12, 1116.09], [133.11, 712.49], [133.1, 800.37], [133.09, 901.3], [133.08, 637.57], [133.07, 931.5], [133.06, 830.79], [133.05, 2167.54], [133.04, 728.21], [133.03, 453.47], [133.02, 1059.6]], "asks": [[133.22, 1618.98], [133.23, 1245.46], [133.24, 803.24], [133.25, 545.11], [133.26, 827.08], [133.27, 1618.22], [133.28, 2583.4], [133.29, 1503.97], [133.3, 2492.55], [133.31, 1475.12], [133.32, 605.3], [133.33, 697.5], [133.34, 700.36], [133.35, 883.67], [133.36, 1549.66], [133.37, 4223.37], [133.38, 1323.74], [133.39, 890.74], [133.4, 1082.45], [133.41, 3216.46]], "timestamp": "2025-12-06T05:04:18.174005+00:00"}, {"symbol": "SOLUSDT", "bids": [[133.19, 335.62], [133.18, 422.71], [133.17, 783.05], [133.16, 837.19], [133.15, 1321.45], [133.14, 1709.69], [133.13, 1603.25], [133.12, 1280.53], [133.11, 1383.67], [133.1, 1420.21], [133.09, 847.08], [133.08, 742.08], [133.07, 1488.88], [133.06, 524.09], [133.05, 676.54], [133.04, 1270.22], [133.03, 2100.91], [133.02, 694.76], [133.01, 906.5], [133.0, 1249.43]], "asks": [[133.2, 732.79], [133.21, 1943.81], [133.22, 2589.79], [133.23, 2133.03], [133.24, 1458.8], [133.25, 1463.01], [133.26, 695.0], [133.27, 1409.95], [133.28, 1314.38], [133.29, 3752.48], [133.3, 748.76], [133.31, 937.16], [133.32, 770.48], [133.33, 911.02], [133.34, 763.79], [133.35, 1212.58], [133.36, 2115.05], [133.37, 1972.03], [133.38, 1413.19], [133.39, 2837.92]], "timestamp": "2025-12-06T05:05:09.635009+00:00"}, {"symbol": "SOLUSDT", "bids": [[133.23, 142.29], [133.22, 430.94], [133.21, 910.12], [133.2, 461.4], [133.19, 1018.2], [133.18, 1691.81], [133.17, 1053.47], [133.16, 1973.65], [133.15, 2264.56], [133.14, 1148.32], [133.13, 849.86], [133.12, 738.61], [133.11, 733.86], [133.1, 1388.07], [133.09, 566.92], [133.08, 670.68], [133.07, 908.04], [133.06, 2163.51], [133.05, 1313.82], [133.04, 4276.88]], "asks": [[133.24, 2072.82], [133.25, 833.52], [133.26, 707.08], [133.27, 804.23], [133.28, 733.84], [133.29, 1381.88], [133.3, 1385.18], [133.31, 1369.05], [133.32, 1316.47], [133.33, 738.43], [133.34, 849.49], [133.35, 722.84], [133.36, 1151.11], [133.37, 2021.54], [133.38, 4267.74], [133.39, 863.14], [133.4, 705.22], [133.41, 1019.33], [133.42, 1152.77], [133.43, 2412.76]], "timestamp": "2025-12-06T05:06:00.806229+00:00"}, {"symbol": "SOLUSDT", "bids": [[133.16, 392.55], [133.15, 1453.87], [133.14, 346.51], [133.13, 460.79], [133.12, 1477.82], [133.11, 1056.27], [133.1, 1568.75], [133.09, 1174.02], [133.08, 941.52], [133.07, 906.58], [133.06, 825.72], [133.05, 782.43], [133.04, 995.9], [133.03, 1227.6], [133.02, 758.43], [133.01, 1221.53], [133.0, 2583.13], [132.99, 1182.53], [132.98, 4150.62], [132.97, 708.38]], "asks": [[133.17, 995.9], [133.18, 532.05], [133.19, 513.11], [133.2, 760.45], [133.21, 1111.06], [133.22, 1328.7], [133.23, 2312.57], [133.24, 2062.42], [133.25, 1258.93], [133.26, 1154.9], [133.27, 1426.32], [133.28, 828.09], [133.29, 826.79], [133.3, 818.68], [133.31, 1159.83], [133.32, 1423.56], [133.33, 3909.62], [133.34, 1060.91], [133.35, 559.26], [133.36, 1161.8]], "timestamp": "2025-12-06T05:06:52.216932+00:00"}, {"symbol": "SOLUSDT", "bids": [[133.19, 194.72], [133.18, 489.45], [133.17, 793.4], [133.16, 963.26], [133.15, 1378.03], [133.14, 1230.6], [133.13, 1089.5], [133.12, 1255.89], [133.11, 1230.33], [133.1, 1693.77], [133.09, 780.7], [133.08, 959.32], [133.07, 831.41], [133.06, 546.98], [133.05, 832.27], [133.04, 1078.01], [133.03, 2404.04], [133.02, 892.1], [133.01, 1506.15], [133.0, 4314.53]], "asks": [[133.2, 777.06], [133.21, 775.02], [133.22, 1047.87], [133.23, 1614.89], [133.24, 1152.01], [133.25, 1486.34], [133.26, 1965.1], [133.27, 1324.24], [133.28, 656.16], [133.29, 868.42], [133.3, 932.92], [133.31, 1093.75], [133.32, 944.72], [133.33, 1421.59], [133.34, 4050.47], [133.35, 583.57], [133.36, 1147.56], [133.37, 1662.68], [133.38, 2321.49], [133.39, 2145.31]], "timestamp": "2025-12-06T05:07:43.526319+00:00"}, {"symbol": "SOLUSDT", "bids": [[133.21, 302.86], [133.2, 545.02], [133.19, 1242.81], [133.18, 1150.09], [133.17, 1799.2], [133.16, 1292.69], [133.15, 2313.0], [133.14, 767.34], [133.13, 974.42], [133.12, 895.18], [133.11, 736.07], [133.1, 1781.14], [133.09, 1325.28], [133.08, 533.07], [133.07, 684.77], [133.06, 925.64], [133.05, 1995.5], [133.04, 1235.84], [133.03, 766.13], [133.02, 1058.61]], "asks": [[133.22, 1375.23], [133.23, 1110.23], [133.24, 1144.78], [133.25, 646.94], [133.26, 825.3], [133.27, 643.11], [133.28, 1077.0], [133.29, 572.68], [133.3, 1259.43], [133.31, 1963.01], [133.32, 1344.89], [133.33, 1221.16], [133.34, 3764.48], [133.35, 1020.04], [133.36, 796.86], [133.37, 1354.78], [133.38, 1186.18], [133.39, 663.08], [133.4, 1101.66], [133.41, 2909.67]], "timestamp": "2025-12-06T05:08:34.754354+00:00"}, {"symbol": "SOLUSDT", "bids": [[133.25, 1233.92], [133.24, 519.58], [133.23, 463.25], [133.22, 743.5], [133.21, 591.35], [133.2, 1337.19], [133.19, 2614.65], [133.18, 1028.9], [133.17, 1568.72], [133.16, 1426.61], [133.15, 1157.59], [133.14, 853.89], [133.13, 863.02], [133.12, 803.66], [133.11, 1039.37], [133.1, 1269.57], [133.09, 2577.07], [133.08, 524.92], [133.07, 798.3], [133.06, 519.09]], "asks": [[133.26, 683.89], [133.27, 642.63], [133.28, 845.0], [133.29, 493.79], [133.3, 1312.84], [133.31, 2467.36], [133.32, 1178.35], [133.33, 778.85], [133.34, 654.26], [133.35, 806.16], [133.36, 1019.35], [133.37, 1254.34], [133.38, 981.43], [133.39, 1447.54], [133.4, 3900.98], [133.41, 850.05], [133.42, 898.51], [133.43, 1089.3], [133.44, 1654.73], [133.45, 2973.15]], "timestamp": "2025-12-06T05:09:26.150597+00:00"}, {"symbol": "SOLUSDT", "bids": [[133.26, 90.41], [133.25, 224.54], [133.24, 616.59], [133.23, 647.71], [133.22, 1167.55], [133.21, 1241.17], [133.2, 1705.73], [133.19, 2210.79], [133.18, 1240.16], [133.17, 1589.02], [133.16, 1133.23], [133.15, 1062.44], [133.14, 696.73], [133.13, 1240.06], [133.12, 774.06], [133.11, 928.63], [133.1, 2720.58], [133.09, 974.97], [133.08, 555.53], [133.07, 1304.94]], "asks": [[133.27, 1855.77], [133.28, 1314.57], [133.29, 363.64], [133.3, 770.43], [133.31, 1380.65], [133.32, 1278.18], [133.33, 871.89], [133.34, 1528.06], [133.35, 1277.67], [133.36, 1083.63], [133.37, 997.63], [133.38, 1307.93], [133.39, 1388.39], [133.4, 4034.63], [133.41, 631.55], [133.42, 735.03], [133.43, 1244.82], [133.44, 1432.62], [133.45, 1381.42], [133.46, 2892.17]], "timestamp": "2025-12-06T05:10:17.517818+00:00"}, {"symbol": "SOLUSDT", "bids": [[133.25, 458.73], [133.24, 465.62], [133.23, 870.17], [133.22, 1077.47], [133.21, 921.45], [133.2, 1804.86], [133.19, 2543.16], [133.18, 1100.08], [133.17, 1435.56], [133.16, 1365.5], [133.15, 1128.08], [133.14, 686.98], [133.13, 1240.06], [133.12, 584.25], [133.11, 875.18], [133.1, 1272.94], [133.09, 2394.18], [133.08, 559.29], [133.07, 1454.35], [133.06, 3448.9]], "asks": [[133.26, 339.12], [133.27, 330.74], [133.28, 887.52], [133.29, 455.62], [133.3, 895.71], [133.31, 1188.55], [133.32, 1177.12], [133.33, 1261.82], [133.34, 933.67], [133.35, 1239.45], [133.36, 1080.1], [133.37, 879.87], [133.38, 968.27], [133.39, 1246.19], [133.4, 3938.46], [133.41, 498.77], [133.42, 813.19], [133.43, 1075.36], [133.44, 1744.55], [133.45, 2689.12]], "timestamp": "2025-12-06T05:11:08.862865+00:00"}, {"symbol": "SOLUSDT", "bids": [[133.2, 1611.32], [133.19, 568.03], [133.18, 864.65], [133.17, 502.85], [133.16, 1291.54], [133.15, 1172.81], [133.14, 1223.89], [133.13, 1336.22], [133.12, 1093.37], [133.11, 1531.82], [133.1, 1438.89], [133.09, 860.22], [133.08, 928.2], [133.07, 914.74], [133.06, 904.18], [133.05, 769.6], [133.04, 1077.68], [133.03, 2043.8], [133.02, 929.07], [133.01, 1379.51]], "asks": [[133.21, 224.61], [133.22, 1155.44], [133.23, 1388.34], [133.24, 992.98], [133.25, 1362.2], [133.26, 2556.61], [133.27, 638.9], [133.28, 1472.91], [133.29, 1191.33], [133.3, 662.5], [133.31, 982.41], [133.32, 954.12], [133.33, 753.85], [133.34, 1423.77], [133.35, 4012.61], [133.36, 1534.66], [133.37, 1281.02], [133.38, 1173.44], [133.39, 2046.06], [133.4, 2544.68]], "timestamp": "2025-12-06T05:12:00.766492+00:00"}, {"symbol": "SOLUSDT", "bids": [[133.19, 727.77], [133.18, 649.03], [133.17, 647.5], [133.16, 1282.86], [133.15, 1511.31], [133.14, 2099.28], [133.13, 1560.17], [133.12, 756.76], [133.11, 966.67], [133.1, 1006.73], [133.09, 987.17], [133.08, 814.2], [133.07, 958.8], [133.06, 1064.05], [133.05, 1001.82], [133.04, 4017.28], [133.03, 2154.47], [133.02, 800.91], [133.01, 1380.82], [133.0, 1041.91]], "asks": [[133.2, 616.43], [133.21, 421.04], [133.22, 432.96], [133.23, 959.66], [133.24, 1729.81], [133.25, 1542.99], [133.26, 1712.6], [133.27, 805.75], [133.28, 1210.07], [133.29, 1551.79], [133.3, 913.0], [133.31, 832.68], [133.32, 776.56], [133.33, 982.92], [133.34, 1255.64], [133.35, 1623.75], [133.36, 4050.06], [133.37, 873.53], [133.38, 1392.13], [133.39, 2126.92]], "timestamp": "2025-12-06T05:12:52.582209+00:00"}, {"symbol": "SOLUSDT", "bids": [[133.22, 779.97], [133.21, 385.72], [133.2, 833.96], [133.19, 732.82], [133.18, 861.07], [133.17, 1639.31], [133.16, 1581.42], [133.15, 1076.69], [133.14, 1443.78], [133.13, 1578.75], [133.12, 1261.25], [133.11, 860.28], [133.1, 920.79], [133.09, 733.97], [133.08, 706.79], [133.07, 1273.48], [133.06, 2357.5], [133.05, 544.03], [133.04, 1169.02], [133.03, 3770.27]], "asks": [[133.23, 15.19], [133.24, 255.58], [133.25, 895.74], [133.26, 827.14], [133.27, 1100.75], [133.28, 1561.01], [133.29, 1543.63], [133.3, 1128.02], [133.31, 1222.27], [133.32, 897.24], [133.33, 1081.23], [133.34, 874.4], [133.35, 1320.45], [133.36, 4214.12], [133.37, 876.56], [133.38, 1046.22], [133.39, 573.94], [133.4, 857.0], [133.41, 1491.39], [133.42, 3865.12]], "timestamp": "2025-12-06T05:13:44.281429+00:00"}, {"symbol": "SOLUSDT", "bids": [[133.21, 212.8], [133.2, 703.7], [133.19, 551.05], [133.18, 847.94], [133.17, 1526.57], [133.16, 1720.74], [133.15, 1314.22], [133.14, 1294.07], [133.13, 1927.31], [133.12, 893.64], [133.11, 779.7], [133.1, 1022.82], [133.09, 928.18], [133.08, 718.43], [133.07, 1078.06], [133.06, 1047.45], [133.05, 2059.74], [133.04, 751.98], [133.03, 1112.15], [133.02, 4001.01]], "asks": [[133.22, 554.53], [133.23, 416.84], [133.24, 571.36], [133.25, 963.04], [133.26, 995.87], [133.27, 890.2], [133.28, 1838.78], [133.29, 1164.25], [133.3, 1248.17], [133.31, 1194.0], [133.32, 986.15], [133.33, 1050.26], [133.34, 947.16], [133.35, 1392.7], [133.36, 3959.64], [133.37, 788.88], [133.38, 1202.4], [133.39, 626.63], [133.4, 955.49], [133.41, 2527.12]], "timestamp": "2025-12-06T05:14:35.986592+00:00"}, {"symbol": "SOLUSDT", "bids": [[133.2, 1565.54], [133.19, 441.95], [133.18, 1172.7], [133.17, 1379.48], [133.16, 1002.84], [133.15, 882.8], [133.14, 1251.18], [133.13, 1303.67], [133.12, 1050.25], [133.11, 1117.1], [133.1, 1627.03], [133.09, 995.81], [133.08, 823.25], [133.07, 986.36], [133.06, 1081.77], [133.05, 576.94], [133.04, 1041.19], [133.03, 2055.17], [133.02, 969.56], [133.01, 1535.74]], "asks": [[133.21, 260.4], [133.22, 447.28], [133.23, 995.94], [133.24, 810.26], [133.25, 1622.38], [133.26, 1797.02], [133.27, 1037.95], [133.28, 1613.96], [133.29, 998.56], [133.3, 958.51], [133.31, 1020.62], [133.32, 955.93], [133.33, 915.59], [133.34, 850.2], [133.35, 1362.29], [133.36, 4057.48], [133.37, 1086.62], [133.38, 2548.13], [133.39, 831.71], [133.4, 2022.68]], "timestamp": "2025-12-06T05:15:27.635254+00:00"}, {"symbol": "SOLUSDT", "bids": [[133.19, 161.73], [133.18, 506.32], [133.17, 579.94], [133.16, 782.14], [133.15, 1167.94], [133.14, 1250.29], [133.13, 1558.43], [133.12, 953.06], [133.11, 1352.79], [133.1, 1605.96], [133.09, 766.41], [133.08, 778.5], [133.07, 977.12], [133.06, 1070.34], [133.05, 972.98], [133.04, 1133.68], [133.03, 2117.02], [133.02, 850.51], [133.01, 1601.17], [133.0, 1468.6]], "asks": [[133.2, 1012.4], [133.21, 162.76], [133.22, 655.49], [133.23, 1241.03], [133.24, 807.46], [133.25, 1298.01], [133.26, 2190.28], [133.27, 1065.04], [133.28, 1593.54], [133.29, 918.91], [133.3, 1275.47], [133.31, 925.44], [133.32, 854.75], [133.33, 840.5], [133.34, 867.13], [133.35, 1183.48], [133.36, 4341.48], [133.37, 772.89], [133.38, 1280.73], [133.39, 2319.7]], "timestamp": "2025-12-06T05:16:19.258117+00:00"}, {"symbol": "SOLUSDT", "bids": [[133.04, 469.05], [133.03, 627.08], [133.02, 762.53], [133.01, 1084.26], [133.0, 1535.4], [132.99, 1609.63], [132.98, 1611.36], [132.97, 1175.66], [132.96, 1700.56], [132.95, 799.81], [132.94, 1069.8], [132.93, 865.11], [132.92, 1242.84], [132.91, 559.57], [132.9, 1346.34], [132.89, 988.24], [132.88, 2736.87], [132.87, 1338.18], [132.86, 761.98], [132.85, 1366.33]], "asks": [[133.05, 841.49], [133.06, 387.12], [133.07, 844.47], [133.08, 1071.71], [133.09, 825.07], [133.1, 1685.27], [133.11, 1543.3], [133.12, 785.82], [133.13, 1913.82], [133.14, 1531.95], [133.15, 1741.77], [133.16, 977.33], [133.17, 679.01], [133.18, 489.49], [133.19, 822.02], [133.2, 1656.2], [133.21, 3391.99], [133.22, 605.03], [133.23, 1335.78], [133.24, 2629.69]], "timestamp": "2025-12-06T05:17:10.578308+00:00"}, {"symbol": "SOLUSDT", "bids": [[132.96, 330.18], [132.95, 662.88], [132.94, 611.56], [132.93, 512.47], [132.92, 1099.56], [132.91, 1658.06], [132.9, 1923.71], [132.89, 1520.44], [132.88, 1260.99], [132.87, 951.29], [132.86, 996.56], [132.85, 983.69], [132.84, 968.21], [132.83, 2010.89], [132.82, 1078.13], [132.81, 1415.13], [132.8, 3012.51], [132.79, 1463.96], [132.78, 1214.92], [132.77, 3883.03]], "asks": [[132.97, 771.08], [132.98, 829.88], [132.99, 528.82], [133.0, 882.08], [133.01, 758.72], [133.02, 1295.32], [133.03, 1791.75], [133.04, 1487.25], [133.05, 2373.07], [133.06, 813.26], [133.07, 896.49], [133.08, 552.1], [133.09, 687.8], [133.1, 692.03], [133.11, 794.56], [133.12, 758.37], [133.13, 1601.07], [133.14, 3847.94], [133.15, 911.98], [133.16, 2990.25]], "timestamp": "2025-12-06T05:18:02.021129+00:00"}, {"symbol": "SOLUSDT", "bids": [[132.95, 1130.0], [132.94, 423.59], [132.93, 462.19], [132.92, 574.9], [132.91, 1221.55], [132.9, 1858.76], [132.89, 1452.43], [132.88, 1412.96], [132.87, 831.33], [132.86, 825.56], [132.85, 1143.41], [132.84, 1173.66], [132.83, 2335.07], [132.82, 1373.09], [132.81, 843.2], [132.8, 1234.05], [132.79, 1433.34], [132.78, 2200.37], [132.77, 525.93], [132.76, 1166.79]], "asks": [[132.96, 41.2], [132.97, 575.82], [132.98, 615.6], [132.99, 606.63], [133.0, 1574.39], [133.01, 1616.09], [133.02, 1165.35], [133.03, 747.25], [133.04, 1125.75], [133.05, 1438.37], [133.06, 3556.49], [133.07, 715.57], [133.08, 670.59], [133.09, 962.24], [133.1, 662.92], [133.11, 688.6], [133.12, 1052.19], [133.13, 1203.0], [133.14, 737.09], [133.15, 2674.87]], "timestamp": "2025-12-06T05:18:53.562948+00:00"}, {"symbol": "SOLUSDT", "bids": [[132.99, 972.72], [132.98, 355.84], [132.97, 391.07], [132.96, 774.98], [132.95, 655.0], [132.94, 1734.39], [132.93, 1837.05], [132.92, 999.05], [132.91, 1203.59], [132.9, 1136.39], [132.89, 611.31], [132.88, 1069.19], [132.87, 827.91], [132.86, 1014.51], [132.85, 1695.25], [132.84, 1075.19], [132.83, 2358.74], [132.82, 1191.19], [132.81, 997.19], [132.8, 1146.42]], "asks": [[133.0, 428.81], [133.01, 531.55], [133.02, 474.89], [133.03, 500.93], [133.04, 1588.15], [133.05, 1640.86], [133.06, 786.97], [133.07, 1921.54], [133.08, 3541.08], [133.09, 859.84], [133.1, 738.16], [133.11, 783.79], [133.12, 836.84], [133.13, 899.16], [133.14, 585.93], [133.15, 730.59], [133.16, 1553.19], [133.17, 1915.26], [133.18, 1116.93], [133.19, 2284.17]], "timestamp": "2025-12-06T05:19:45.566557+00:00"}, {"symbol": "SOLUSDT", "bids": [[133.04, 671.15], [133.03, 762.11], [133.02, 303.03], [133.01, 655.11], [133.0, 1530.12], [132.99, 1864.23], [132.98, 926.58], [132.97, 1182.41], [132.96, 1063.62], [132.95, 680.58], [132.94, 962.2], [132.93, 1062.71], [132.92, 1174.87], [132.91, 854.56], [132.9, 1179.79], [132.89, 965.07], [132.88, 5522.97], [132.87, 1465.91], [132.86, 816.41], [132.85, 1012.75]], "asks": [[133.05, 164.3], [133.06, 578.87], [133.07, 430.32], [133.08, 743.21], [133.09, 1279.43], [133.1, 1749.31], [133.11, 1282.81], [133.12, 1396.4], [133.13, 963.99], [133.14, 1078.07], [133.15, 1326.33], [133.16, 966.69], [133.17, 893.01], [133.18, 835.86], [133.19, 1745.13], [133.2, 4048.33], [133.21, 541.93], [133.22, 510.15], [133.23, 955.62], [133.24, 2488.0]], "timestamp": "2025-12-06T05:20:37.129146+00:00"}, {"symbol": "SOLUSDT", "bids": [[133.0, 366.61], [132.99, 486.96], [132.98, 438.2], [132.97, 643.45], [132.96, 723.22], [132.95, 1026.09], [132.94, 1407.44], [132.93, 1289.92], [132.92, 1126.29], [132.91, 1288.74], [132.9, 904.47], [132.89, 685.03], [132.88, 1009.37], [132.87, 901.87], [132.86, 1228.36], [132.85, 1384.23], [132.84, 2454.86], [132.83, 930.25], [132.82, 1970.53], [132.81, 4111.3]], "asks": [[133.01, 825.26], [133.02, 490.73], [133.03, 710.99], [133.04, 930.15], [133.05, 750.03], [133.06, 962.9], [133.07, 2247.93], [133.08, 1361.56], [133.09, 1478.52], [133.1, 1052.04], [133.11, 655.97], [133.12, 588.55], [133.13, 1416.29], [133.14, 4048.5], [133.15, 816.14], [133.16, 1026.03], [133.17, 717.63], [133.18, 957.93], [133.19, 1647.5], [133.2, 2529.43]], "timestamp": "2025-12-06T05:21:28.695917+00:00"}, {"symbol": "SOLUSDT", "bids": [[132.99, 816.79], [132.98, 173.78], [132.97, 633.17], [132.96, 582.77], [132.95, 1463.69], [132.94, 1500.82], [132.93, 869.52], [132.92, 1174.08], [132.91, 1514.91], [132.9, 1038.95], [132.89, 598.26], [132.88, 1051.73], [132.87, 842.77], [132.86, 1163.8], [132.85, 948.24], [132.84, 1412.4], [132.83, 2735.51], [132.82, 1958.2], [132.81, 1537.27], [132.8, 4578.35]], "asks": [[133.0, 1300.85], [133.01, 505.7], [133.02, 860.69], [133.03, 1151.26], [133.04, 916.34], [133.05, 805.0], [133.06, 1675.98], [133.07, 1134.47], [133.08, 1178.73], [133.09, 1393.83], [133.1, 1408.99], [133.11, 560.65], [133.12, 630.53], [133.13, 1606.12], [133.14, 3666.63], [133.15, 742.4], [133.16, 1235.31], [133.17, 718.3], [133.18, 923.67], [133.19, 2954.08]], "timestamp": "2025-12-06T05:22:20.314953+00:00"}, {"symbol": "SOLUSDT", "bids": [[132.97, 1300.42], [132.96, 645.54], [132.95, 402.27], [132.94, 904.12], [132.93, 599.34], [132.92, 1464.41], [132.91, 1342.85], [132.9, 805.45], [132.89, 745.03], [132.88, 1671.54], [132.87, 797.73], [132.86, 968.83], [132.85, 1078.5], [132.84, 831.09], [132.83, 956.47], [132.82, 1720.53], [132.81, 2540.4], [132.8, 1359.09], [132.79, 1294.54], [132.78, 4174.25]], "asks": [[132.98, 175.92], [132.99, 207.51], [133.0, 451.71], [133.01, 816.12], [133.02, 1543.9], [133.03, 2036.56], [133.04, 1896.1], [133.05, 1204.14], [133.06, 761.5], [133.07, 762.32], [133.08, 1116.62], [133.09, 3841.54], [133.1, 718.76], [133.11, 621.76], [133.12, 787.93], [133.13, 743.33], [133.14, 978.81], [133.15, 808.13], [133.16, 1437.86], [133.17, 2650.43]], "timestamp": "2025-12-06T05:23:11.989374+00:00"}, {"symbol": "SOLUSDT", "bids": [[132.99, 69.36], [132.98, 30.99], [132.97, 589.69], [132.96, 560.91], [132.95, 621.48], [132.94, 1149.93], [132.93, 1607.14], [132.92, 960.34], [132.91, 1332.76], [132.9, 2088.62], [132.89, 973.72], [132.88, 1146.32], [132.87, 885.26], [132.86, 1133.42], [132.85, 1036.05], [132.84, 618.46], [132.83, 2459.72], [132.82, 1081.15], [132.81, 1527.67], [132.8, 4447.23]], "asks": [[133.0, 910.69], [133.01, 1132.1], [133.02, 744.16], [133.03, 1098.54], [133.04, 1931.03], [133.05, 1180.77], [133.06, 1012.77], [133.07, 1338.98], [133.08, 1251.95], [133.09, 797.26], [133.1, 768.13], [133.11, 797.68], [133.12, 1511.57], [133.13, 3886.21], [133.14, 882.67], [133.15, 611.77], [133.16, 1173.47], [133.17, 900.0], [133.18, 1849.29], [133.19, 2614.11]], "timestamp": "2025-12-06T05:24:03.404333+00:00"}, {"symbol": "SOLUSDT", "bids": [[133.06, 1060.28], [133.05, 341.1], [133.04, 203.1], [133.03, 562.65], [133.02, 662.21], [133.01, 835.05], [133.0, 1863.84], [132.99, 1234.62], [132.98, 1037.11], [132.97, 2253.21], [132.96, 860.88], [132.95, 613.19], [132.94, 994.2], [132.93, 1201.94], [132.92, 1033.22], [132.91, 1441.47], [132.9, 2881.56], [132.89, 765.32], [132.88, 1050.34], [132.87, 851.05]], "asks": [[133.07, 323.78], [133.08, 507.99], [133.09, 591.54], [133.1, 906.29], [133.11, 1797.38], [133.12, 1669.35], [133.13, 1298.19], [133.14, 732.94], [133.15, 771.44], [133.16, 1057.02], [133.17, 715.42], [133.18, 642.8], [133.19, 1374.09], [133.2, 4004.01], [133.21, 678.37], [133.22, 666.82], [133.23, 737.65], [133.24, 1084.83], [133.25, 2153.85], [133.26, 3196.85]], "timestamp": "2025-12-06T05:24:54.921254+00:00"}, {"symbol": "SOLUSDT", "bids": [[133.0, 52.27], [132.99, 79.77], [132.98, 588.32], [132.97, 471.37], [132.96, 401.42], [132.95, 817.17], [132.94, 1816.88], [132.93, 764.41], [132.92, 921.35], [132.91, 1513.62], [132.9, 1103.03], [132.89, 735.69], [132.88, 1411.37], [132.87, 838.54], [132.86, 1077.44], [132.85, 1439.33], [132.84, 2532.24], [132.83, 894.73], [132.82, 1037.41], [132.81, 2062.59]], "asks": [[133.01, 674.72], [133.02, 818.88], [133.03, 970.32], [133.04, 985.48], [133.05, 927.46], [133.06, 2345.66], [133.07, 3266.87], [133.08, 1026.92], [133.09, 964.5], [133.1, 995.61], [133.11, 842.4], [133.12, 767.94], [133.13, 996.36], [133.14, 840.41], [133.15, 662.34], [133.16, 1260.78], [133.17, 612.76], [133.18, 440.03], [133.19, 1432.77], [133.2, 5473.21]], "timestamp": "2025-12-06T05:25:46.368834+00:00"}, {"symbol": "SOLUSDT", "bids": [[132.85, 206.38], [132.84, 466.17], [132.83, 700.71], [132.82, 726.84], [132.81, 1627.69], [132.8, 2340.43], [132.79, 1421.19], [132.78, 1113.42], [132.77, 1128.04], [132.76, 1230.3], [132.75, 827.86], [132.74, 774.9], [132.73, 1031.98], [132.72, 911.1], [132.71, 1309.14], [132.7, 1589.13], [132.69, 2863.72], [132.68, 1383.73], [132.67, 4205.71], [132.66, 1035.63]], "asks": [[132.86, 1498.49], [132.87, 477.47], [132.88, 228.68], [132.89, 709.93], [132.9, 1004.34], [132.91, 1799.58], [132.92, 958.2], [132.93, 1077.02], [132.94, 1691.12], [132.95, 928.75], [132.96, 956.29], [132.97, 825.24], [132.98, 1034.15], [132.99, 1070.5], [133.0, 1330.44], [133.01, 1183.4], [133.02, 3739.94], [133.03, 830.8], [133.04, 840.17], [133.05, 2008.07]], "timestamp": "2025-12-06T05:26:38.695877+00:00"}, {"symbol": "SOLUSDT", "bids": [[132.91, 558.54], [132.9, 1375.96], [132.89, 1554.88], [132.88, 1455.87], [132.87, 1688.58], [132.86, 1752.58], [132.85, 1407.82], [132.84, 1015.6], [132.83, 1124.39], [132.82, 1243.64], [132.81, 1139.81], [132.8, 1604.08], [132.79, 1025.64], [132.78, 1077.07], [132.77, 885.83], [132.76, 1411.32], [132.75, 2537.55], [132.74, 1504.36], [132.73, 4388.95], [132.72, 828.79]], "asks": [[132.92, 573.47], [132.93, 351.29], [132.94, 426.95], [132.95, 802.92], [132.96, 1299.28], [132.97, 970.76], [132.98, 1176.9], [132.99, 945.72], [133.0, 1537.14], [133.01, 1083.76], [133.02, 1335.96], [133.03, 632.01], [133.04, 545.95], [133.05, 569.56], [133.06, 1076.32], [133.07, 787.11], [133.08, 1489.37], [133.09, 3863.13], [133.1, 714.14], [133.11, 1047.51]], "timestamp": "2025-12-06T05:27:30.699534+00:00"}, {"symbol": "SOLUSDT", "bids": [[132.88, 252.84], [132.87, 471.13], [132.86, 706.27], [132.85, 733.72], [132.84, 511.13], [132.83, 913.74], [132.82, 1191.02], [132.81, 1123.32], [132.8, 1965.05], [132.79, 1551.69], [132.78, 787.4], [132.77, 1004.19], [132.76, 1797.11], [132.75, 840.99], [132.74, 868.9], [132.73, 1538.6], [132.72, 5529.07], [132.71, 902.54], [132.7, 1033.38], [132.69, 929.28]], "asks": [[132.89, 544.89], [132.9, 1254.21], [132.91, 3458.55], [132.92, 2708.29], [132.93, 1519.77], [132.94, 1672.21], [132.95, 839.33], [132.96, 1125.05], [132.97, 1228.77], [132.98, 970.48], [132.99, 956.12], [133.0, 1165.44], [133.01, 683.24], [133.02, 557.49], [133.03, 840.47], [133.04, 663.04], [133.05, 1100.97], [133.06, 3858.59], [133.07, 560.61], [133.08, 2142.91]], "timestamp": "2025-12-06T05:28:22.211687+00:00"}, {"symbol": "SOLUSDT", "bids": [[132.95, 1040.53], [132.94, 1103.26], [132.93, 851.94], [132.92, 619.72], [132.91, 684.52], [132.9, 326.83], [132.89, 1281.45], [132.88, 1879.95], [132.87, 1311.51], [132.86, 1330.02], [132.85, 1290.05], [132.84, 1176.1], [132.83, 1052.44], [132.82, 1529.75], [132.81, 965.15], [132.8, 2081.87], [132.79, 1313.74], [132.78, 2383.62], [132.77, 1216.57], [132.76, 4426.91]], "asks": [[132.96, 653.27], [132.97, 600.07], [132.98, 516.79], [132.99, 1009.64], [133.0, 1746.33], [133.01, 1783.66], [133.02, 1146.78], [133.03, 819.58], [133.04, 651.53], [133.05, 1117.29], [133.06, 3797.83], [133.07, 445.16], [133.08, 705.75], [133.09, 1239.83], [133.1, 761.37], [133.11, 1143.63], [133.12, 1902.68], [133.13, 788.27], [133.14, 918.34], [133.15, 2324.93]], "timestamp": "2025-12-06T05:29:13.904260+00:00"}, {"symbol": "SOLUSDT", "bids": [[132.98, 1486.02], [132.97, 1535.75], [132.96, 757.34], [132.95, 767.48], [132.94, 653.19], [132.93, 1122.51], [132.92, 1058.15], [132.91, 994.62], [132.9, 1334.24], [132.89, 1487.67], [132.88, 591.47], [132.87, 1110.39], [132.86, 878.99], [132.85, 1300.94], [132.84, 804.09], [132.83, 1115.54], [132.82, 1289.6], [132.81, 2820.31], [132.8, 5430.82], [132.79, 1134.69]], "asks": [[132.99, 157.57], [133.0, 526.36], [133.01, 411.0], [133.02, 1073.37], [133.03, 2397.27], [133.04, 1150.08], [133.05, 1218.09], [133.06, 1638.05], [133.07, 643.79], [133.08, 663.38], [133.09, 856.46], [133.1, 760.56], [133.11, 804.77], [133.12, 678.97], [133.13, 1404.18], [133.14, 4065.18], [133.15, 748.01], [133.16, 1187.57], [133.17, 784.78], [133.18, 2367.23]], "timestamp": "2025-12-06T05:30:05.437261+00:00"}, {"symbol": "SOLUSDT", "bids": [[132.95, 204.38], [132.94, 517.14], [132.93, 693.78], [132.92, 818.99], [132.91, 843.54], [132.9, 957.37], [132.89, 1324.47], [132.88, 695.99], [132.87, 908.58], [132.86, 2040.22], [132.85, 1722.33], [132.84, 921.33], [132.83, 1420.56], [132.82, 1062.87], [132.81, 888.88], [132.8, 2250.03], [132.79, 1567.56], [132.78, 2403.73], [132.77, 1353.53], [132.76, 4782.01]], "asks": [[132.96, 921.37], [132.97, 936.76], [132.98, 860.8], [132.99, 789.03], [133.0, 1073.94], [133.01, 2183.8], [133.02, 1455.26], [133.03, 1773.65], [133.04, 873.9], [133.05, 928.73], [133.06, 1002.12], [133.07, 806.47], [133.08, 1069.32], [133.09, 970.54], [133.1, 1162.5], [133.11, 849.86], [133.12, 1043.43], [133.13, 3875.69], [133.14, 1233.74], [133.15, 1968.33]], "timestamp": "2025-12-06T05:30:57.143562+00:00"}, {"symbol": "SOLUSDT", "bids": [[132.94, 704.25], [132.93, 941.17], [132.92, 722.86], [132.91, 620.89], [132.9, 783.27], [132.89, 1216.47], [132.88, 770.4], [132.87, 926.85], [132.86, 1376.58], [132.85, 1601.72], [132.84, 1241.27], [132.83, 951.77], [132.82, 1167.33], [132.81, 1060.4], [132.8, 2086.54], [132.79, 1266.56], [132.78, 2529.9], [132.77, 1006.88], [132.76, 2128.68], [132.75, 3914.96]], "asks": [[132.95, 204.61], [132.96, 454.28], [132.97, 812.7], [132.98, 1087.87], [132.99, 980.14], [133.0, 2202.01], [133.01, 1719.69], [133.02, 1393.2], [133.03, 1193.37], [133.04, 691.98], [133.05, 869.6], [133.06, 856.65], [133.07, 886.87], [133.08, 1478.49], [133.09, 4037.63], [133.1, 1110.51], [133.11, 499.04], [133.12, 600.6], [133.13, 1125.01], [133.14, 2487.23]], "timestamp": "2025-12-06T05:31:48.832652+00:00"}, {"symbol": "SOLUSDT", "bids": [[132.99, 1359.69], [132.98, 1715.08], [132.97, 634.41], [132.96, 704.17], [132.95, 837.54], [132.94, 1177.22], [132.93, 1163.32], [132.92, 978.01], [132.91, 1100.64], [132.9, 1037.14], [132.89, 1424.85], [132.88, 992.64], [132.87, 1008.03], [132.86, 1467.6], [132.85, 1288.59], [132.84, 875.27], [132.83, 2676.0], [132.82, 915.75], [132.81, 956.69], [132.8, 1679.84]], "asks": [[133.0, 283.2], [133.01, 312.67], [133.02, 947.52], [133.03, 1004.58], [133.04, 795.15], [133.05, 1469.72], [133.06, 1814.53], [133.07, 1055.96], [133.08, 918.94], [133.09, 751.97], [133.1, 981.84], [133.11, 648.84], [133.12, 667.64], [133.13, 1517.38], [133.14, 4101.45], [133.15, 814.39], [133.16, 1199.56], [133.17, 1890.11], [133.18, 783.05], [133.19, 2451.54]], "timestamp": "2025-12-06T05:32:40.011409+00:00"}, {"symbol": "SOLUSDT", "bids": [[132.92, 1886.46], [132.91, 1210.2], [132.9, 445.06], [132.89, 522.63], [132.88, 649.77], [132.87, 879.75], [132.86, 1081.86], [132.85, 2142.13], [132.84, 1185.31], [132.83, 1224.55], [132.82, 961.69], [132.81, 982.84], [132.8, 1706.04], [132.79, 1245.13], [132.78, 913.33], [132.77, 1080.27], [132.76, 1789.93], [132.75, 5591.1], [132.74, 584.57], [132.73, 890.57]], "asks": [[132.93, 66.51], [132.94, 182.78], [132.95, 444.14], [132.96, 821.58], [132.97, 1200.88], [132.98, 3074.77], [132.99, 1754.67], [133.0, 1735.23], [133.01, 825.4], [133.02, 1263.14], [133.03, 711.17], [133.04, 708.82], [133.05, 698.45], [133.06, 882.27], [133.07, 1183.24], [133.08, 3614.04], [133.09, 1069.25], [133.1, 1293.28], [133.11, 1935.79], [133.12, 2174.55]], "timestamp": "2025-12-06T05:33:31.691888+00:00"}, {"symbol": "SOLUSDT", "bids": [[132.84, 231.36], [132.83, 432.68], [132.82, 705.01], [132.81, 664.16], [132.8, 2374.37], [132.79, 1208.65], [132.78, 1579.28], [132.77, 1236.34], [132.76, 1097.45], [132.75, 1159.39], [132.74, 855.41], [132.73, 944.37], [132.72, 972.2], [132.71, 1146.55], [132.7, 1061.62], [132.69, 1338.6], [132.68, 2589.6], [132.67, 2120.58], [132.66, 4156.07], [132.65, 606.24]], "asks": [[132.85, 1810.97], [132.86, 625.88], [132.87, 1015.45], [132.88, 1426.61], [132.89, 1154.63], [132.9, 2434.08], [132.91, 2118.47], [132.92, 2040.8], [132.93, 2400.95], [132.94, 1297.53], [132.95, 956.75], [132.96, 1147.72], [132.97, 466.67], [132.98, 506.97], [132.99, 1024.29], [133.0, 1652.42], [133.01, 3487.46], [133.02, 1054.5], [133.03, 1019.96], [133.04, 2816.1]], "timestamp": "2025-12-06T05:34:22.956905+00:00"}, {"symbol": "SOLUSDT", "bids": [[132.95, 2149.23], [132.94, 901.44], [132.93, 1807.12], [132.92, 749.45], [132.91, 807.26], [132.9, 1746.28], [132.89, 901.55], [132.88, 1817.86], [132.87, 2345.56], [132.86, 1203.78], [132.85, 1197.78], [132.84, 757.26], [132.83, 761.88], [132.82, 827.87], [132.81, 1267.3], [132.8, 2194.71], [132.79, 899.74], [132.78, 2374.93], [132.77, 934.5], [132.76, 1154.31]], "asks": [[132.96, 118.19], [132.97, 432.21], [132.98, 317.29], [132.99, 891.07], [133.0, 1293.7], [133.01, 1479.86], [133.02, 1770.22], [133.03, 896.3], [133.04, 1210.38], [133.05, 573.27], [133.06, 954.86], [133.07, 1579.61], [133.08, 3844.05], [133.09, 792.63], [133.1, 1015.34], [133.11, 722.76], [133.12, 775.96], [133.13, 770.18], [133.14, 857.44], [133.15, 3861.32]], "timestamp": "2025-12-06T05:35:14.204795+00:00"}, {"symbol": "SOLUSDT", "bids": [[132.99, 572.7], [132.98, 613.93], [132.97, 588.07], [132.96, 627.86], [132.95, 765.02], [132.94, 1206.4], [132.93, 1083.15], [132.92, 895.8], [132.91, 1668.2], [132.9, 1998.92], [132.89, 624.78], [132.88, 777.73], [132.87, 1272.8], [132.86, 636.26], [132.85, 854.94], [132.84, 909.02], [132.83, 2496.27], [132.82, 1456.57], [132.81, 4301.45], [132.8, 1872.85]], "asks": [[133.0, 345.93], [133.01, 257.77], [133.02, 609.55], [133.03, 894.09], [133.04, 2241.77], [133.05, 1308.01], [133.06, 1188.92], [133.07, 1803.7], [133.08, 873.02], [133.09, 861.3], [133.1, 857.08], [133.11, 664.6], [133.12, 622.87], [133.13, 1451.33], [133.14, 3735.37], [133.15, 983.01], [133.16, 977.14], [133.17, 570.3], [133.18, 825.07], [133.19, 2275.26]], "timestamp": "2025-12-06T05:36:06.200798+00:00"}, {"symbol": "SOLUSDT", "bids": [[132.99, 586.8], [132.98, 514.99], [132.97, 1023.35], [132.96, 988.35], [132.95, 541.2], [132.94, 868.17], [132.93, 1359.87], [132.92, 892.6], [132.91, 1604.13], [132.9, 2207.56], [132.89, 690.24], [132.88, 886.63], [132.87, 1315.15], [132.86, 664.49], [132.85, 583.03], [132.84, 1182.16], [132.83, 2443.12], [132.82, 746.5], [132.81, 1631.43], [132.8, 4743.75]], "asks": [[133.0, 568.19], [133.01, 347.23], [133.02, 545.12], [133.03, 1054.34], [133.04, 2122.39], [133.05, 1136.66], [133.06, 1876.57], [133.07, 1439.56], [133.08, 840.73], [133.09, 847.48], [133.1, 793.5], [133.11, 672.37], [133.12, 584.95], [133.13, 1296.34], [133.14, 3884.91], [133.15, 949.84], [133.16, 974.93], [133.17, 581.58], [133.18, 827.99], [133.19, 2254.41]], "timestamp": "2025-12-06T05:36:58.524404+00:00"}, {"symbol": "SOLUSDT", "bids": [[133.02, 627.69], [133.01, 813.58], [133.0, 1797.73], [132.99, 730.49], [132.98, 1200.43], [132.97, 1393.37], [132.96, 1964.42], [132.95, 1475.38], [132.94, 1174.37], [132.93, 1365.72], [132.92, 705.7], [132.91, 755.73], [132.9, 1072.87], [132.89, 935.06], [132.88, 1148.76], [132.87, 1193.83], [132.86, 2622.83], [132.85, 630.77], [132.84, 1412.72], [132.83, 4151.79]], "asks": [[133.03, 215.36], [133.04, 352.34], [133.05, 486.18], [133.06, 526.83], [133.07, 1160.56], [133.08, 1655.26], [133.09, 1676.67], [133.1, 1155.11], [133.11, 983.69], [133.12, 835.48], [133.13, 794.25], [133.14, 653.95], [133.15, 636.12], [133.16, 888.37], [133.17, 1185.24], [133.18, 3873.35], [133.19, 508.71], [133.2, 1202.28], [133.21, 817.49], [133.22, 2314.35]], "timestamp": "2025-12-06T05:37:50.594794+00:00"}, {"symbol": "SOLUSDT", "bids": [[133.06, 871.42], [133.05, 297.01], [133.04, 617.73], [133.03, 1041.27], [133.02, 1034.69], [133.01, 829.07], [133.0, 1593.05], [132.99, 1408.74], [132.98, 1609.81], [132.97, 1209.99], [132.96, 1618.75], [132.95, 1116.24], [132.94, 1025.76], [132.93, 980.06], [132.92, 840.18], [132.91, 819.74], [132.9, 2900.25], [132.89, 1036.35], [132.88, 4102.09], [132.87, 1471.49]], "asks": [[133.07, 476.2], [133.08, 186.2], [133.09, 496.08], [133.1, 757.88], [133.11, 810.64], [133.12, 1310.77], [133.13, 1298.62], [133.14, 1190.88], [133.15, 758.93], [133.16, 1261.51], [133.17, 1380.93], [133.18, 3821.52], [133.19, 716.1], [133.2, 946.93], [133.21, 694.3], [133.22, 842.08], [133.23, 960.62], [133.24, 2418.71], [133.25, 996.68], [133.26, 2038.4]], "timestamp": "2025-12-06T05:38:43.211996+00:00"}]