[{"id": "1007912971", "price": 133.0, "amount": 2.7, "side": "buy", "timestamp": 1764998516229}, {"id": "1007912972", "price": 132.99, "amount": 4.15, "side": "sell", "timestamp": 1764998516850}, {"id": "1007912973", "price": 132.99, "amount": 0.01, "side": "sell", "timestamp": 1764998517341}, {"id": "1007912974", "price": 133.0, "amount": 0.01, "side": "buy", "timestamp": 1764998517538}, {"id": "1007912975", "price": 133.0, "amount": 0.67, "side": "buy", "timestamp": 1764998517909}, {"id": "1007912976", "price": 132.99, "amount": 6.17, "side": "sell", "timestamp": 1764998519083}, {"id": "1007912977", "price": 133.0, "amount": 0.1, "side": "buy", "timestamp": 1764998519275}, {"id": "1007912978", "price": 133.0, "amount": 2.0, "side": "buy", "timestamp": 1764998519948}, {"id": "1007912979", "price": 133.0, "amount": 2.03, "side": "buy", "timestamp": 1764998520386}, {"id": "1007912980", "price": 133.0, "amount": 0.35, "side": "buy", "timestamp": 1764998520564}, {"id": "1007912981", "price": 133.0, "amount": 0.49, "side": "buy", "timestamp": 1764998521550}, {"id": "1007912982", "price": 133.0, "amount": 0.07, "side": "buy", "timestamp": 1764998521657}, {"id": "1007912983", "price": 132.99, "amount": 17.88, "side": "sell", "timestamp": 1764998522264}, {"id": "1007912984", "price": 133.0, "amount": 18.27, "side": "buy", "timestamp": 1764998522789}, {"id": "1007912985", "price": 133.0, "amount": 4.14, "side": "sell", "timestamp": 1764998522852}, {"id": "1007912986", "price": 133.0, "amount": 219.92, "side": "sell", "timestamp": 1764998523174}, {"id": "1007912987", "price": 133.0, "amount": 16.08, "side": "buy", "timestamp": 1764998523525}, {"id": "1007912988", "price": 132.99, "amount": 26.28, "side": "sell", "timestamp": 1764998523737}, {"id": "1007912989", "price": 132.99, "amount": 1.0, "side": "sell", "timestamp": 1764998524526}, {"id": "1007912990", "price": 132.99, "amount": 5.88, "side": "sell", "timestamp": 1764998524953}, {"id": "1007912991", "price": 133.0, "amount": 0.26, "side": "buy", "timestamp": 1764998525813}, {"id": "1007912992", "price": 132.99, "amount": 3.79, "side": "sell", "timestamp": 1764998526436}, {"id": "1007912993", "price": 133.0, "amount": 14.37, "side": "buy", "timestamp": 1764998527647}, {"id": "1007912994", "price": 133.01, "amount": 1.86, "side": "buy", "timestamp": 1764998527653}, {"id": "1007912995", "price": 133.01, "amount": 0.44, "side": "buy", "timestamp": 1764998527851}, {"id": "1007912996", "price": 133.0, "amount": 0.16, "side": "sell", "timestamp": 1764998528353}, {"id": "1007912997", "price": 133.0, "amount": 3.33, "side": "sell", "timestamp": 1764998529949}, {"id": "1007912998", "price": 133.01, "amount": 89.49, "side": "buy", "timestamp": 1764998530407}, {"id": "1007912999", "price": 133.02, "amount": 49.54, "side": "buy", "timestamp": 1764998530475}, {"id": "1007913000", "price": 133.03, "amount": 0.44, "side": "buy", "timestamp": 1764998530529}, {"id": "1007913001", "price": 133.02, "amount": 0.96, "side": "sell", "timestamp": 1764998530603}, {"id": "1007913002", "price": 133.02, "amount": 33.24, "side": "sell", "timestamp": 1764998530747}, {"id": "1007913003", "price": 133.02, "amount": 5.37, "side": "sell", "timestamp": 1764998531064}, {"id": "1007913004", "price": 133.02, "amount": 0.09, "side": "sell", "timestamp": 1764998531663}, {"id": "1007913005", "price": 133.03, "amount": 108.62, "side": "buy", "timestamp": 1764998532703}, {"id": "1007913006", "price": 133.04, "amount": 0.22, "side": "buy", "timestamp": 1764998532735}, {"id": "1007913007", "price": 133.04, "amount": 0.41, "side": "buy", "timestamp": 1764998533349}, {"id": "1007913008", "price": 133.04, "amount": 0.05, "side": "buy", "timestamp": 1764998533553}, {"id": "1007913009", "price": 133.04, "amount": 0.29, "side": "buy", "timestamp": 1764998534269}, {"id": "1007913010", "price": 133.03, "amount": 3.0, "side": "sell", "timestamp": 1764998535163}, {"id": "1007913011", "price": 133.03, "amount": 24.26, "side": "sell", "timestamp": 1764998536785}, {"id": "1007913012", "price": 133.02, "amount": 18.52, "side": "sell", "timestamp": 1764998536857}, {"id": "1007913013", "price": 133.01, "amount": 4.89, "side": "sell", "timestamp": 1764998536881}, {"id": "1007913014", "price": 133.0, "amount": 0.04, "side": "sell", "timestamp": 1764998537078}, {"id": "1007913015", "price": 133.0, "amount": 0.12, "side": "sell", "timestamp": 1764998537243}, {"id": "1007913016", "price": 133.0, "amount": 107.07, "side": "sell", "timestamp": 1764998537821}, {"id": "1007913017", "price": 133.0, "amount": 3.0, "side": "buy", "timestamp": 1764998537877}, {"id": "1007913018", "price": 133.0, "amount": 29.81, "side": "buy", "timestamp": 1764998538418}, {"id": "1007913019", "price": 133.0, "amount": 0.46, "side": "buy", "timestamp": 1764998538624}, {"id": "1007913020", "price": 133.0, "amount": 1.0, "side": "buy", "timestamp": 1764998540353}, {"id": "1007913062", "price": 132.98, "amount": 1.63, "side": "buy", "timestamp": 1764998562393}, {"id": "1007913063", "price": 132.97, "amount": 37.35, "side": "sell", "timestamp": 1764998562431}, {"id": "1007913064", "price": 132.98, "amount": 0.04, "side": "buy", "timestamp": 1764998563118}, {"id": "1007913065", "price": 132.98, "amount": 2.25, "side": "buy", "timestamp": 1764998563976}, {"id": "1007913066", "price": 132.97, "amount": 2.94, "side": "sell", "timestamp": 1764998564463}, {"id": "1007913067", "price": 132.97, "amount": 2.35, "side": "sell", "timestamp": 1764998564672}, {"id": "1007913068", "price": 132.96, "amount": 5.87, "side": "sell", "timestamp": 1764998564745}, {"id": "1007913069", "price": 132.96, "amount": 128.34, "side": "sell", "timestamp": 1764998565510}, {"id": "1007913070", "price": 132.95, "amount": 249.51, "side": "sell", "timestamp": 1764998565510}, {"id": "1007913071", "price": 132.94, "amount": 0.58, "side": "sell", "timestamp": 1764998565912}, {"id": "1007913072", "price": 132.95, "amount": 0.04, "side": "buy", "timestamp": 1764998567510}, {"id": "1007913073", "price": 132.94, "amount": 6.33, "side": "sell", "timestamp": 1764998567599}, {"id": "1007913074", "price": 132.94, "amount": 7.84, "side": "sell", "timestamp": 1764998568596}, {"id": "1007913075", "price": 132.95, "amount": 0.01, "side": "buy", "timestamp": 1764998568637}, {"id": "1007913076", "price": 132.95, "amount": 0.01, "side": "buy", "timestamp": 1764998568858}, {"id": "1007913077", "price": 132.95, "amount": 0.01, "side": "buy", "timestamp": 1764998568973}, {"id": "1007913078", "price": 132.95, "amount": 0.04, "side": "buy", "timestamp": 1764998570097}, {"id": "1007913079", "price": 132.95, "amount": 4.81, "side": "buy", "timestamp": 1764998570746}, {"id": "1007913080", "price": 132.95, "amount": 43.14, "side": "buy", "timestamp": 1764998571100}, {"id": "1007913081", "price": 132.95, "amount": 6.82, "side": "buy", "timestamp": 1764998573310}, {"id": "1007913082", "price": 132.94, "amount": 3.78, "side": "sell", "timestamp": 1764998573769}, {"id": "1007913083", "price": 132.95, "amount": 0.75, "side": "buy", "timestamp": 1764998573918}, {"id": "1007913084", "price": 132.94, "amount": 0.5, "side": "sell", "timestamp": 1764998575334}, {"id": "1007913085", "price": 132.95, "amount": 210.31, "side": "buy", "timestamp": 1764998575339}, {"id": "1007913086", "price": 132.95, "amount": 1.0, "side": "buy", "timestamp": 1764998576341}, {"id": "1007913087", "price": 132.94, "amount": 0.95, "side": "sell", "timestamp": 1764998576863}, {"id": "1007913088", "price": 132.95, "amount": 7.52, "side": "buy", "timestamp": 1764998577672}, {"id": "1007913089", "price": 132.94, "amount": 0.37, "side": "sell", "timestamp": 1764998579069}, {"id": "1007913090", "price": 132.94, "amount": 0.06, "side": "sell", "timestamp": 1764998579480}, {"id": "1007913091", "price": 132.95, "amount": 0.01, "side": "buy", "timestamp": 1764998579639}, {"id": "1007913092", "price": 132.94, "amount": 3.0, "side": "sell", "timestamp": 1764998579646}, {"id": "1007913093", "price": 132.95, "amount": 1.0, "side": "buy", "timestamp": 1764998579812}, {"id": "1007913094", "price": 132.94, "amount": 0.08, "side": "sell", "timestamp": 1764998580857}, {"id": "1007913095", "price": 132.95, "amount": 2.27, "side": "buy", "timestamp": 1764998581146}, {"id": "1007913096", "price": 132.95, "amount": 0.41, "side": "buy", "timestamp": 1764998581409}, {"id": "1007913097", "price": 132.94, "amount": 1.36, "side": "sell", "timestamp": 1764998581931}, {"id": "1007913098", "price": 132.94, "amount": 0.11, "side": "sell", "timestamp": 1764998582114}, {"id": "1007913099", "price": 132.95, "amount": 94.97, "side": "buy", "timestamp": 1764998584726}, {"id": "1007913100", "price": 132.96, "amount": 0.44, "side": "buy", "timestamp": 1764998584752}, {"id": "1007913101", "price": 132.95, "amount": 0.05, "side": "sell", "timestamp": 1764998584932}, {"id": "1007913102", "price": 132.95, "amount": 0.32, "side": "sell", "timestamp": 1764998585114}, {"id": "1007913103", "price": 132.96, "amount": 3.76, "side": "buy", "timestamp": 1764998586102}, {"id": "1007913104", "price": 132.96, "amount": 0.26, "side": "buy", "timestamp": 1764998586405}, {"id": "1007913105", "price": 132.96, "amount": 0.01, "side": "buy", "timestamp": 1764998589731}, {"id": "1007913106", "price": 132.95, "amount": 0.5, "side": "sell", "timestamp": 1764998589942}, {"id": "1007913107", "price": 132.96, "amount": 0.66, "side": "buy", "timestamp": 1764998591399}, {"id": "1007913108", "price": 132.96, "amount": 45.76, "side": "buy", "timestamp": 1764998591577}, {"id": "1007913109", "price": 132.97, "amount": 30.84, "side": "buy", "timestamp": 1764998591677}, {"id": "1007913110", "price": 132.98, "amount": 39.6, "side": "buy", "timestamp": 1764998592041}, {"id": "1007913111", "price": 132.99, "amount": 0.84, "side": "buy", "timestamp": 1764998592106}, {"id": "1007913155", "price": 133.0, "amount": 26.77, "side": "sell", "timestamp": 1764998615172}, {"id": "1007913156", "price": 132.99, "amount": 0.04, "side": "sell", "timestamp": 1764998615912}, {"id": "1007913157", "price": 133.0, "amount": 193.89, "side": "buy", "timestamp": 1764998616183}, {"id": "1007913158", "price": 133.0, "amount": 23.31, "side": "buy", "timestamp": 1764998616970}, {"id": "1007913159", "price": 132.99, "amount": 5.0, "side": "sell", "timestamp": 1764998618511}, {"id": "1007913160", "price": 133.0, "amount": 6.24, "side": "buy", "timestamp": 1764998618963}, {"id": "1007913161", "price": 132.99, "amount": 0.68, "side": "sell", "timestamp": 1764998619704}, {"id": "1007913162", "price": 132.99, "amount": 0.88, "side": "sell", "timestamp": 1764998619861}, {"id": "1007913163", "price": 132.99, "amount": 1.28, "side": "sell", "timestamp": 1764998620020}, {"id": "1007913164", "price": 133.0, "amount": 15.13, "side": "buy", "timestamp": 1764998620699}, {"id": "1007913165", "price": 132.99, "amount": 52.48, "side": "sell", "timestamp": 1764998621520}, {"id": "1007913166", "price": 132.99, "amount": 0.31, "side": "buy", "timestamp": 1764998621527}, {"id": "1007913167", "price": 132.98, "amount": 8.63, "side": "sell", "timestamp": 1764998621656}, {"id": "1007913168", "price": 132.99, "amount": 2.51, "side": "buy", "timestamp": 1764998621990}, {"id": "1007913169", "price": 132.98, "amount": 1.97, "side": "sell", "timestamp": 1764998622061}, {"id": "1007913170", "price": 132.97, "amount": 6.57, "side": "sell", "timestamp": 1764998622127}, {"id": "1007913171", "price": 132.97, "amount": 24.36, "side": "buy", "timestamp": 1764998623050}, {"id": "1007913172", "price": 132.98, "amount": 38.69, "side": "buy", "timestamp": 1764998623057}, {"id": "1007913173", "price": 132.99, "amount": 17.22, "side": "buy", "timestamp": 1764998623112}, {"id": "1007913174", "price": 133.0, "amount": 15.2, "side": "buy", "timestamp": 1764998625083}, {"id": "1007913175", "price": 133.0, "amount": 15.02, "side": "buy", "timestamp": 1764998625371}, {"id": "1007913176", "price": 132.99, "amount": 1.0, "side": "sell", "timestamp": 1764998626048}, {"id": "1007913177", "price": 133.0, "amount": 0.14, "side": "buy", "timestamp": 1764998626477}, {"id": "1007913178", "price": 132.99, "amount": 1.2, "side": "sell", "timestamp": 1764998628964}, {"id": "1007913179", "price": 132.98, "amount": 0.8, "side": "sell", "timestamp": 1764998629748}, {"id": "1007913180", "price": 132.98, "amount": 0.07, "side": "sell", "timestamp": 1764998629869}, {"id": "1007913181", "price": 132.98, "amount": 1.04, "side": "sell", "timestamp": 1764998629974}, {"id": "1007913182", "price": 132.98, "amount": 0.67, "side": "sell", "timestamp": 1764998630308}, {"id": "1007913183", "price": 132.99, "amount": 215.89, "side": "buy", "timestamp": 1764998630651}, {"id": "1007913184", "price": 132.99, "amount": 1.06, "side": "buy", "timestamp": 1764998631373}, {"id": "1007913185", "price": 132.99, "amount": 22.77, "side": "buy", "timestamp": 1764998633154}, {"id": "1007913186", "price": 132.99, "amount": 9.46, "side": "buy", "timestamp": 1764998633297}, {"id": "1007913187", "price": 133.0, "amount": 1.87, "side": "buy", "timestamp": 1764998634021}, {"id": "1007913188", "price": 132.99, "amount": 0.59, "side": "sell", "timestamp": 1764998634506}, {"id": "1007913189", "price": 132.99, "amount": 95.88, "side": "sell", "timestamp": 1764998634867}, {"id": "1007913190", "price": 133.0, "amount": 0.01, "side": "buy", "timestamp": 1764998635095}, {"id": "1007913191", "price": 132.99, "amount": 0.49, "side": "sell", "timestamp": 1764998635512}, {"id": "1007913192", "price": 133.0, "amount": 0.24, "side": "buy", "timestamp": 1764998635608}, {"id": "1007913193", "price": 132.99, "amount": 0.26, "side": "sell", "timestamp": 1764998637737}, {"id": "1007913194", "price": 132.99, "amount": 8.76, "side": "sell", "timestamp": 1764998637928}, {"id": "1007913195", "price": 133.0, "amount": 9.42, "side": "buy", "timestamp": 1764998639243}, {"id": "1007913196", "price": 132.99, "amount": 4.15, "side": "sell", "timestamp": 1764998639647}, {"id": "1007913197", "price": 132.99, "amount": 0.05, "side": "sell", "timestamp": 1764998639749}, {"id": "1007913198", "price": 132.99, "amount": 0.15, "side": "sell", "timestamp": 1764998640126}, {"id": "1007913199", "price": 132.99, "amount": 1.06, "side": "sell", "timestamp": 1764998640361}, {"id": "1007913200", "price": 133.0, "amount": 7.51, "side": "buy", "timestamp": 1764998640829}, {"id": "1007913201", "price": 133.0, "amount": 0.65, "side": "buy", "timestamp": 1764998641043}, {"id": "1007913202", "price": 133.0, "amount": 0.08, "side": "buy", "timestamp": 1764998641375}, {"id": "1007913203", "price": 132.99, "amount": 113.37, "side": "sell", "timestamp": 1764998642581}, {"id": "1007913204", "price": 133.0, "amount": 17.39, "side": "buy", "timestamp": 1764998642977}, {"id": "1007913253", "price": 133.03, "amount": 50.0, "side": "sell", "timestamp": 1764998667150}, {"id": "1007913254", "price": 133.03, "amount": 0.15, "side": "sell", "timestamp": 1764998667529}, {"id": "1007913255", "price": 133.03, "amount": 0.05, "side": "sell", "timestamp": 1764998667634}, {"id": "1007913256", "price": 133.03, "amount": 0.33, "side": "sell", "timestamp": 1764998668270}, {"id": "1007913257", "price": 133.03, "amount": 21.56, "side": "sell", "timestamp": 1764998668648}, {"id": "1007913258", "price": 133.02, "amount": 0.08, "side": "sell", "timestamp": 1764998668825}, {"id": "1007913259", "price": 133.02, "amount": 0.33, "side": "sell", "timestamp": 1764998668965}, {"id": "1007913260", "price": 133.03, "amount": 0.05, "side": "buy", "timestamp": 1764998669030}, {"id": "1007913261", "price": 133.02, "amount": 0.83, "side": "sell", "timestamp": 1764998669047}, {"id": "1007913262", "price": 133.02, "amount": 1.96, "side": "sell", "timestamp": 1764998670156}, {"id": "1007913263", "price": 133.02, "amount": 2.07, "side": "buy", "timestamp": 1764998670644}, {"id": "1007913264", "price": 133.02, "amount": 8.67, "side": "sell", "timestamp": 1764998672260}, {"id": "1007913265", "price": 133.02, "amount": 2.26, "side": "sell", "timestamp": 1764998672682}, {"id": "1007913266", "price": 133.03, "amount": 244.11, "side": "buy", "timestamp": 1764998673122}, {"id": "1007913267", "price": 133.03, "amount": 11.76, "side": "buy", "timestamp": 1764998673255}, {"id": "1007913268", "price": 133.03, "amount": 5.13, "side": "buy", "timestamp": 1764998675201}, {"id": "1007913269", "price": 133.04, "amount": 0.37, "side": "buy", "timestamp": 1764998675346}, {"id": "1007913270", "price": 133.03, "amount": 0.09, "side": "sell", "timestamp": 1764998675668}, {"id": "1007913271", "price": 133.04, "amount": 11.48, "side": "buy", "timestamp": 1764998677302}, {"id": "1007913272", "price": 133.04, "amount": 46.66, "side": "buy", "timestamp": 1764998677583}, {"id": "1007913273", "price": 133.04, "amount": 11.57, "side": "buy", "timestamp": 1764998678386}, {"id": "1007913274", "price": 133.04, "amount": 2.77, "side": "sell", "timestamp": 1764998679190}, {"id": "1007913275", "price": 133.05, "amount": 1.48, "side": "buy", "timestamp": 1764998679590}, {"id": "1007913276", "price": 133.05, "amount": 0.29, "side": "buy", "timestamp": 1764998679920}, {"id": "1007913277", "price": 133.05, "amount": 20.0, "side": "buy", "timestamp": 1764998680222}, {"id": "1007913278", "price": 133.04, "amount": 0.09, "side": "sell", "timestamp": 1764998681236}, {"id": "1007913279", "price": 133.05, "amount": 0.08, "side": "buy", "timestamp": 1764998682548}, {"id": "1007913280", "price": 133.04, "amount": 2.73, "side": "sell", "timestamp": 1764998683297}, {"id": "1007913281", "price": 133.05, "amount": 18.15, "side": "buy", "timestamp": 1764998684353}, {"id": "1007913282", "price": 133.06, "amount": 0.01, "side": "buy", "timestamp": 1764998684413}, {"id": "1007913283", "price": 133.05, "amount": 1.37, "side": "sell", "timestamp": 1764998684511}, {"id": "1007913284", "price": 133.06, "amount": 27.41, "side": "buy", "timestamp": 1764998684669}, {"id": "1007913285", "price": 133.07, "amount": 0.61, "side": "buy", "timestamp": 1764998684718}, {"id": "1007913286", "price": 133.07, "amount": 0.3, "side": "buy", "timestamp": 1764998685036}, {"id": "1007913287", "price": 133.07, "amount": 1.06, "side": "buy", "timestamp": 1764998685213}, {"id": "1007913288", "price": 133.07, "amount": 0.25, "side": "buy", "timestamp": 1764998685726}, {"id": "1007913289", "price": 133.07, "amount": 15.12, "side": "buy", "timestamp": 1764998688067}, {"id": "1007913290", "price": 133.06, "amount": 26.0, "side": "sell", "timestamp": 1764998688171}, {"id": "1007913291", "price": 133.07, "amount": 7.4, "side": "buy", "timestamp": 1764998688325}, {"id": "1007913292", "price": 133.06, "amount": 2.76, "side": "sell", "timestamp": 1764998689030}, {"id": "1007913293", "price": 133.07, "amount": 0.06, "side": "buy", "timestamp": 1764998689235}, {"id": "1007913294", "price": 133.07, "amount": 0.25, "side": "buy", "timestamp": 1764998689511}, {"id": "1007913295", "price": 133.07, "amount": 0.36, "side": "buy", "timestamp": 1764998689879}, {"id": "1007913296", "price": 133.07, "amount": 0.34, "side": "buy", "timestamp": 1764998690021}, {"id": "1007913297", "price": 133.07, "amount": 0.05, "side": "buy", "timestamp": 1764998690356}, {"id": "1007913298", "price": 133.07, "amount": 5.1, "side": "buy", "timestamp": 1764998693594}, {"id": "1007913299", "price": 133.06, "amount": 3.18, "side": "sell", "timestamp": 1764998693958}, {"id": "1007913300", "price": 133.06, "amount": 0.25, "side": "sell", "timestamp": 1764998694062}, {"id": "1007913301", "price": 133.07, "amount": 0.04, "side": "buy", "timestamp": 1764998694163}, {"id": "1007913302", "price": 133.06, "amount": 0.11, "side": "sell", "timestamp": 1764998694187}, {"id": "1007913335", "price": 133.06, "amount": 8.13, "side": "buy", "timestamp": 1764998712538}, {"id": "1007913336", "price": 133.05, "amount": 0.1, "side": "sell", "timestamp": 1764998713205}, {"id": "1007913337", "price": 133.06, "amount": 16.43, "side": "buy", "timestamp": 1764998713468}, {"id": "1007913338", "price": 133.05, "amount": 0.07, "side": "sell", "timestamp": 1764998713498}, {"id": "1007913339", "price": 133.06, "amount": 0.07, "side": "buy", "timestamp": 1764998713607}, {"id": "1007913340", "price": 133.06, "amount": 0.08, "side": "buy", "timestamp": 1764998713819}, {"id": "1007913341", "price": 133.06, "amount": 10.73, "side": "buy", "timestamp": 1764998715185}, {"id": "1007913342", "price": 133.06, "amount": 1244.12, "side": "sell", "timestamp": 1764998715780}, {"id": "1007913343", "price": 133.05, "amount": 5.89, "side": "sell", "timestamp": 1764998715790}, {"id": "1007913344", "price": 133.04, "amount": 0.37, "side": "sell", "timestamp": 1764998716294}, {"id": "1007913345", "price": 133.05, "amount": 210.48, "side": "buy", "timestamp": 1764998716298}, {"id": "1007913346", "price": 133.04, "amount": 0.23, "side": "sell", "timestamp": 1764998717726}, {"id": "1007913347", "price": 133.05, "amount": 3.1, "side": "buy", "timestamp": 1764998718760}, {"id": "1007913348", "price": 133.04, "amount": 180.0, "side": "sell", "timestamp": 1764998719013}, {"id": "1007913349", "price": 133.04, "amount": 1.76, "side": "sell", "timestamp": 1764998719116}, {"id": "1007913350", "price": 133.03, "amount": 3.0, "side": "sell", "timestamp": 1764998721986}, {"id": "1007913351", "price": 133.04, "amount": 5.36, "side": "buy", "timestamp": 1764998723061}, {"id": "1007913352", "price": 133.03, "amount": 0.57, "side": "sell", "timestamp": 1764998723094}, {"id": "1007913353", "price": 133.03, "amount": 105.23, "side": "sell", "timestamp": 1764998723610}, {"id": "1007913354", "price": 133.03, "amount": 7.35, "side": "sell", "timestamp": 1764998725518}, {"id": "1007913355", "price": 133.02, "amount": 7.34, "side": "sell", "timestamp": 1764998725553}, {"id": "1007913356", "price": 133.01, "amount": 6.86, "side": "sell", "timestamp": 1764998726143}, {"id": "1007913357", "price": 133.01, "amount": 35.0, "side": "sell", "timestamp": 1764998727718}, {"id": "1007913358", "price": 133.01, "amount": 0.11, "side": "buy", "timestamp": 1764998728293}, {"id": "1007913359", "price": 133.0, "amount": 5.33, "side": "sell", "timestamp": 1764998728763}, {"id": "1007913360", "price": 133.0, "amount": 46.14, "side": "sell", "timestamp": 1764998729276}, {"id": "1007913361", "price": 133.0, "amount": 5.0, "side": "sell", "timestamp": 1764998730420}, {"id": "1007913362", "price": 133.0, "amount": 225.09, "side": "sell", "timestamp": 1764998731066}, {"id": "1007913363", "price": 132.99, "amount": 2.57, "side": "sell", "timestamp": 1764998731805}, {"id": "1007913364", "price": 132.99, "amount": 0.05, "side": "buy", "timestamp": 1764998733031}, {"id": "1007913365", "price": 132.98, "amount": 4.49, "side": "sell", "timestamp": 1764998733031}, {"id": "1007913366", "price": 132.98, "amount": 2.1, "side": "sell", "timestamp": 1764998733239}, {"id": "1007913367", "price": 132.98, "amount": 5.44, "side": "sell", "timestamp": 1764998733398}, {"id": "1007913368", "price": 132.99, "amount": 0.28, "side": "buy", "timestamp": 1764998733936}, {"id": "1007913369", "price": 132.99, "amount": 3.75, "side": "buy", "timestamp": 1764998734063}, {"id": "1007913370", "price": 132.99, "amount": 14.95, "side": "buy", "timestamp": 1764998736694}, {"id": "1007913371", "price": 132.98, "amount": 0.07, "side": "sell", "timestamp": 1764998737498}, {"id": "1007913372", "price": 132.99, "amount": 104.51, "side": "buy", "timestamp": 1764998738558}, {"id": "1007913373", "price": 133.0, "amount": 3.33, "side": "buy", "timestamp": 1764998738567}, {"id": "1007913374", "price": 133.0, "amount": 0.28, "side": "sell", "timestamp": 1764998739023}, {"id": "1007913375", "price": 133.01, "amount": 75.19, "side": "buy", "timestamp": 1764998739126}, {"id": "1007913376", "price": 133.0, "amount": 66.93, "side": "sell", "timestamp": 1764998739906}, {"id": "1007913377", "price": 133.01, "amount": 0.78, "side": "buy", "timestamp": 1764998741222}, {"id": "1007913378", "price": 133.0, "amount": 5.0, "side": "sell", "timestamp": 1764998741989}, {"id": "1007913379", "price": 133.0, "amount": 155.52, "side": "sell", "timestamp": 1764998743472}, {"id": "1007913380", "price": 133.0, "amount": 6.89, "side": "sell", "timestamp": 1764998743609}, {"id": "1007913381", "price": 133.01, "amount": 7.27, "side": "buy", "timestamp": 1764998744522}, {"id": "1007913382", "price": 133.0, "amount": 0.09, "side": "sell", "timestamp": 1764998745427}, {"id": "1007913383", "price": 133.01, "amount": 0.28, "side": "buy", "timestamp": 1764998745689}, {"id": "1007913384", "price": 133.01, "amount": 0.05, "side": "buy", "timestamp": 1764998746282}, {"id": "1007913456", "price": 132.91, "amount": 0.75, "side": "buy", "timestamp": 1764998782730}, {"id": "1007913457", "price": 132.91, "amount": 0.12, "side": "buy", "timestamp": 1764998783038}, {"id": "1007913458", "price": 132.9, "amount": 0.76, "side": "sell", "timestamp": 1764998783422}, {"id": "1007913459", "price": 132.9, "amount": 0.09, "side": "sell", "timestamp": 1764998783665}, {"id": "1007913460", "price": 132.91, "amount": 18.8, "side": "buy", "timestamp": 1764998784163}, {"id": "1007913461", "price": 132.91, "amount": 0.09, "side": "buy", "timestamp": 1764998784309}, {"id": "1007913462", "price": 132.91, "amount": 3.6, "side": "buy", "timestamp": 1764998784875}, {"id": "1007913463", "price": 132.9, "amount": 20.74, "side": "sell", "timestamp": 1764998786740}, {"id": "1007913464", "price": 132.91, "amount": 0.05, "side": "buy", "timestamp": 1764998787048}, {"id": "1007913465", "price": 132.9, "amount": 20.11, "side": "sell", "timestamp": 1764998787265}, {"id": "1007913466", "price": 132.91, "amount": 300.0, "side": "buy", "timestamp": 1764998787447}, {"id": "1007913467", "price": 132.91, "amount": 0.06, "side": "buy", "timestamp": 1764998787945}, {"id": "1007913468", "price": 132.91, "amount": 0.06, "side": "buy", "timestamp": 1764998788066}, {"id": "1007913469", "price": 132.91, "amount": 0.05, "side": "buy", "timestamp": 1764998788194}, {"id": "1007913470", "price": 132.9, "amount": 93.48, "side": "sell", "timestamp": 1764998789430}, {"id": "1007913471", "price": 132.89, "amount": 25.0, "side": "sell", "timestamp": 1764998789442}, {"id": "1007913472", "price": 132.88, "amount": 69.28, "side": "sell", "timestamp": 1764998789544}, {"id": "1007913473", "price": 132.89, "amount": 0.28, "side": "buy", "timestamp": 1764998789772}, {"id": "1007913474", "price": 132.89, "amount": 0.06, "side": "buy", "timestamp": 1764998790826}, {"id": "1007913475", "price": 132.89, "amount": 0.07, "side": "buy", "timestamp": 1764998790929}, {"id": "1007913476", "price": 132.88, "amount": 214.37, "side": "sell", "timestamp": 1764998790973}, {"id": "1007913477", "price": 132.87, "amount": 4.85, "side": "sell", "timestamp": 1764998791003}, {"id": "1007913478", "price": 132.88, "amount": 0.18, "side": "buy", "timestamp": 1764998791048}, {"id": "1007913479", "price": 132.87, "amount": 2.75, "side": "sell", "timestamp": 1764998791129}, {"id": "1007913480", "price": 132.88, "amount": 132.87, "side": "buy", "timestamp": 1764998791568}, {"id": "1007913481", "price": 132.88, "amount": 39.03, "side": "buy", "timestamp": 1764998792038}, {"id": "1007913482", "price": 132.87, "amount": 0.4, "side": "sell", "timestamp": 1764998792257}, {"id": "1007913483", "price": 132.87, "amount": 1.17, "side": "sell", "timestamp": 1764998792465}, {"id": "1007913484", "price": 132.87, "amount": 376.55, "side": "sell", "timestamp": 1764998792907}, {"id": "1007913485", "price": 132.88, "amount": 0.15, "side": "buy", "timestamp": 1764998793000}, {"id": "1007913486", "price": 132.87, "amount": 0.05, "side": "sell", "timestamp": 1764998793108}, {"id": "1007913487", "price": 132.88, "amount": 0.07, "side": "buy", "timestamp": 1764998793203}, {"id": "1007913488", "price": 132.87, "amount": 0.04, "side": "sell", "timestamp": 1764998793350}, {"id": "1007913489", "price": 132.87, "amount": 75.25, "side": "sell", "timestamp": 1764998793959}, {"id": "1007913490", "price": 132.88, "amount": 55.17, "side": "buy", "timestamp": 1764998793986}, {"id": "1007913491", "price": 132.87, "amount": 176.5, "side": "sell", "timestamp": 1764998794031}, {"id": "1007913492", "price": 132.88, "amount": 0.14, "side": "buy", "timestamp": 1764998794055}, {"id": "1007913493", "price": 132.87, "amount": 2.16, "side": "sell", "timestamp": 1764998794287}, {"id": "1007913494", "price": 132.87, "amount": 0.8, "side": "sell", "timestamp": 1764998795577}, {"id": "1007913495", "price": 132.87, "amount": 162.62, "side": "sell", "timestamp": 1764998796365}, {"id": "1007913496", "price": 132.86, "amount": 244.86, "side": "sell", "timestamp": 1764998796688}, {"id": "1007913497", "price": 132.85, "amount": 30.0, "side": "sell", "timestamp": 1764998796917}, {"id": "1007913498", "price": 132.85, "amount": 2.0, "side": "sell", "timestamp": 1764998797390}, {"id": "1007913499", "price": 132.86, "amount": 0.13, "side": "buy", "timestamp": 1764998797525}, {"id": "1007913500", "price": 132.85, "amount": 3.92, "side": "sell", "timestamp": 1764998797584}, {"id": "1007913501", "price": 132.85, "amount": 63.58, "side": "sell", "timestamp": 1764998798031}, {"id": "1007913502", "price": 132.86, "amount": 0.07, "side": "buy", "timestamp": 1764998798031}, {"id": "1007913503", "price": 132.85, "amount": 0.04, "side": "sell", "timestamp": 1764998798157}, {"id": "1007913504", "price": 132.85, "amount": 119.9, "side": "sell", "timestamp": 1764998798354}, {"id": "1007913505", "price": 132.85, "amount": 58.94, "side": "sell", "timestamp": 1764998798559}, {"id": "1007913586", "price": 132.96, "amount": 0.02, "side": "buy", "timestamp": 1764998827274}, {"id": "1007913587", "price": 132.96, "amount": 18.79, "side": "buy", "timestamp": 1764998827377}, {"id": "1007913588", "price": 132.96, "amount": 0.59, "side": "buy", "timestamp": 1764998827752}, {"id": "1007913589", "price": 132.96, "amount": 0.68, "side": "buy", "timestamp": 1764998828760}, {"id": "1007913590", "price": 132.96, "amount": 0.58, "side": "buy", "timestamp": 1764998828919}, {"id": "1007913591", "price": 132.96, "amount": 1.35, "side": "buy", "timestamp": 1764998829673}, {"id": "1007913592", "price": 132.96, "amount": 0.05, "side": "buy", "timestamp": 1764998829932}, {"id": "1007913593", "price": 132.95, "amount": 2.34, "side": "sell", "timestamp": 1764998830221}, {"id": "1007913594", "price": 132.95, "amount": 24.82, "side": "sell", "timestamp": 1764998830509}, {"id": "1007913595", "price": 132.95, "amount": 0.1, "side": "sell", "timestamp": 1764998830808}, {"id": "1007913596", "price": 132.95, "amount": 0.04, "side": "sell", "timestamp": 1764998832002}, {"id": "1007913597", "price": 132.95, "amount": 15.04, "side": "sell", "timestamp": 1764998832897}, {"id": "1007913598", "price": 132.95, "amount": 2.74, "side": "sell", "timestamp": 1764998833798}, {"id": "1007913599", "price": 132.96, "amount": 15.54, "side": "buy", "timestamp": 1764998834028}, {"id": "1007913600", "price": 132.96, "amount": 0.04, "side": "buy", "timestamp": 1764998835414}, {"id": "1007913601", "price": 132.96, "amount": 0.13, "side": "buy", "timestamp": 1764998836383}, {"id": "1007913602", "price": 132.95, "amount": 100.0, "side": "sell", "timestamp": 1764998836486}, {"id": "1007913603", "price": 132.95, "amount": 1.0, "side": "sell", "timestamp": 1764998837095}, {"id": "1007913604", "price": 132.95, "amount": 0.21, "side": "sell", "timestamp": 1764998837744}, {"id": "1007913605", "price": 132.95, "amount": 171.51, "side": "sell", "timestamp": 1764998837877}, {"id": "1007913606", "price": 132.94, "amount": 61.88, "side": "sell", "timestamp": 1764998837886}, {"id": "1007913607", "price": 132.93, "amount": 0.74, "side": "sell", "timestamp": 1764998838013}, {"id": "1007913608", "price": 132.93, "amount": 0.14, "side": "sell", "timestamp": 1764998839724}, {"id": "1007913609", "price": 132.93, "amount": 0.1, "side": "sell", "timestamp": 1764998839862}, {"id": "1007913610", "price": 132.93, "amount": 5.34, "side": "sell", "timestamp": 1764998840236}, {"id": "1007913611", "price": 132.93, "amount": 1.14, "side": "sell", "timestamp": 1764998840388}, {"id": "1007913612", "price": 132.94, "amount": 2.94, "side": "buy", "timestamp": 1764998840409}, {"id": "1007913613", "price": 132.94, "amount": 150.0, "side": "buy", "timestamp": 1764998840774}, {"id": "1007913614", "price": 132.94, "amount": 0.27, "side": "buy", "timestamp": 1764998841193}, {"id": "1007913615", "price": 132.93, "amount": 2.2, "side": "sell", "timestamp": 1764998842195}, {"id": "1007913616", "price": 132.94, "amount": 0.07, "side": "buy", "timestamp": 1764998842594}, {"id": "1007913617", "price": 132.94, "amount": 0.04, "side": "buy", "timestamp": 1764998843096}, {"id": "1007913618", "price": 132.93, "amount": 0.47, "side": "sell", "timestamp": 1764998843715}, {"id": "1007913619", "price": 132.93, "amount": 0.75, "side": "sell", "timestamp": 1764998843922}, {"id": "1007913620", "price": 132.93, "amount": 0.26, "side": "sell", "timestamp": 1764998844866}, {"id": "1007913621", "price": 132.94, "amount": 0.75, "side": "buy", "timestamp": 1764998845283}, {"id": "1007913622", "price": 132.93, "amount": 0.58, "side": "sell", "timestamp": 1764998846032}, {"id": "1007913623", "price": 132.93, "amount": 0.05, "side": "sell", "timestamp": 1764998846774}, {"id": "1007913624", "price": 132.94, "amount": 3.79, "side": "buy", "timestamp": 1764998847551}, {"id": "1007913625", "price": 132.94, "amount": 2.49, "side": "buy", "timestamp": 1764998847756}, {"id": "1007913626", "price": 132.93, "amount": 65.58, "side": "sell", "timestamp": 1764998847985}, {"id": "1007913627", "price": 132.93, "amount": 1.37, "side": "buy", "timestamp": 1764998848067}, {"id": "1007913628", "price": 132.92, "amount": 0.05, "side": "sell", "timestamp": 1764998848079}, {"id": "1007913629", "price": 132.92, "amount": 15.09, "side": "sell", "timestamp": 1764998849231}, {"id": "1007913630", "price": 132.92, "amount": 0.53, "side": "buy", "timestamp": 1764998849440}, {"id": "1007913631", "price": 132.92, "amount": 93.89, "side": "buy", "timestamp": 1764998849543}, {"id": "1007913632", "price": 132.91, "amount": 1.0, "side": "sell", "timestamp": 1764998849629}, {"id": "1007913633", "price": 132.91, "amount": 9.35, "side": "sell", "timestamp": 1764998849806}, {"id": "1007913634", "price": 132.91, "amount": 0.23, "side": "sell", "timestamp": 1764998849917}, {"id": "1007913635", "price": 132.91, "amount": 51.5, "side": "sell", "timestamp": 1764998850660}, {"id": "1007913680", "price": 132.92, "amount": 0.22, "side": "buy", "timestamp": 1764998875539}, {"id": "1007913681", "price": 132.91, "amount": 0.5, "side": "sell", "timestamp": 1764998875720}, {"id": "1007913682", "price": 132.91, "amount": 2.72, "side": "sell", "timestamp": 1764998877062}, {"id": "1007913683", "price": 132.91, "amount": 22.9, "side": "sell", "timestamp": 1764998877434}, {"id": "1007913684", "price": 132.92, "amount": 0.04, "side": "buy", "timestamp": 1764998877694}, {"id": "1007913685", "price": 132.91, "amount": 1.85, "side": "sell", "timestamp": 1764998877803}, {"id": "1007913686", "price": 132.92, "amount": 0.06, "side": "buy", "timestamp": 1764998878280}, {"id": "1007913687", "price": 132.91, "amount": 0.08, "side": "sell", "timestamp": 1764998879228}, {"id": "1007913688", "price": 132.91, "amount": 1.71, "side": "sell", "timestamp": 1764998879526}, {"id": "1007913689", "price": 132.92, "amount": 0.04, "side": "buy", "timestamp": 1764998879712}, {"id": "1007913690", "price": 132.92, "amount": 0.04, "side": "buy", "timestamp": 1764998880350}, {"id": "1007913691", "price": 132.91, "amount": 25.33, "side": "sell", "timestamp": 1764998881003}, {"id": "1007913692", "price": 132.92, "amount": 0.69, "side": "buy", "timestamp": 1764998881103}, {"id": "1007913693", "price": 132.91, "amount": 0.24, "side": "sell", "timestamp": 1764998881500}, {"id": "1007913694", "price": 132.92, "amount": 0.04, "side": "buy", "timestamp": 1764998882371}, {"id": "1007913695", "price": 132.91, "amount": 2.26, "side": "sell", "timestamp": 1764998882453}, {"id": "1007913696", "price": 132.92, "amount": 2.0, "side": "buy", "timestamp": 1764998884257}, {"id": "1007913697", "price": 132.91, "amount": 0.2, "side": "sell", "timestamp": 1764998885465}, {"id": "1007913698", "price": 132.91, "amount": 3.03, "side": "sell", "timestamp": 1764998886606}, {"id": "1007913699", "price": 132.92, "amount": 3.33, "side": "buy", "timestamp": 1764998886785}, {"id": "1007913700", "price": 132.92, "amount": 0.53, "side": "buy", "timestamp": 1764998887000}, {"id": "1007913701", "price": 132.91, "amount": 0.12, "side": "sell", "timestamp": 1764998887291}, {"id": "1007913702", "price": 132.91, "amount": 0.51, "side": "sell", "timestamp": 1764998887673}, {"id": "1007913703", "price": 132.91, "amount": 0.04, "side": "sell", "timestamp": 1764998887796}, {"id": "1007913704", "price": 132.92, "amount": 0.14, "side": "buy", "timestamp": 1764998888324}, {"id": "1007913705", "price": 132.91, "amount": 0.13, "side": "sell", "timestamp": 1764998889765}, {"id": "1007913706", "price": 132.92, "amount": 0.13, "side": "buy", "timestamp": 1764998889780}, {"id": "1007913707", "price": 132.92, "amount": 0.15, "side": "buy", "timestamp": 1764998890045}, {"id": "1007913708", "price": 132.91, "amount": 19.71, "side": "sell", "timestamp": 1764998890394}, {"id": "1007913709", "price": 132.91, "amount": 0.09, "side": "sell", "timestamp": 1764998891665}, {"id": "1007913710", "price": 132.91, "amount": 0.07, "side": "sell", "timestamp": 1764998892296}, {"id": "1007913711", "price": 132.91, "amount": 0.04, "side": "sell", "timestamp": 1764998892412}, {"id": "1007913712", "price": 132.92, "amount": 0.44, "side": "buy", "timestamp": 1764998892623}, {"id": "1007913713", "price": 132.91, "amount": 6.12, "side": "sell", "timestamp": 1764998892851}, {"id": "1007913714", "price": 132.91, "amount": 0.02, "side": "sell", "timestamp": 1764998892965}, {"id": "1007913715", "price": 132.92, "amount": 0.1, "side": "buy", "timestamp": 1764998896257}, {"id": "1007913716", "price": 132.92, "amount": 1.0, "side": "buy", "timestamp": 1764998896767}, {"id": "1007913717", "price": 132.92, "amount": 0.08, "side": "buy", "timestamp": 1764998898984}, {"id": "1007913718", "price": 132.91, "amount": 558.28, "side": "sell", "timestamp": 1764998899029}, {"id": "1007913719", "price": 132.9, "amount": 1125.82, "side": "sell", "timestamp": 1764998899030}, {"id": "1007913720", "price": 132.89, "amount": 438.77, "side": "sell", "timestamp": 1764998899031}, {"id": "1007913721", "price": 132.88, "amount": 416.82, "side": "sell", "timestamp": 1764998899031}, {"id": "1007913722", "price": 132.87, "amount": 518.99, "side": "sell", "timestamp": 1764998899032}, {"id": "1007913723", "price": 132.86, "amount": 12.35, "side": "sell", "timestamp": 1764998899035}, {"id": "1007913724", "price": 132.87, "amount": 273.82, "side": "buy", "timestamp": 1764998899085}, {"id": "1007913725", "price": 132.87, "amount": 0.15, "side": "sell", "timestamp": 1764998899089}, {"id": "1007913726", "price": 132.88, "amount": 47.02, "side": "buy", "timestamp": 1764998899103}, {"id": "1007913727", "price": 132.88, "amount": 23.43, "side": "sell", "timestamp": 1764998899105}, {"id": "1007913728", "price": 132.88, "amount": 0.44, "side": "sell", "timestamp": 1764998900096}, {"id": "1007913729", "price": 132.89, "amount": 2.07, "side": "buy", "timestamp": 1764998901751}, {"id": "1007913797", "price": 132.92, "amount": 0.44, "side": "buy", "timestamp": 1764998933300}, {"id": "1007913798", "price": 132.91, "amount": 0.44, "side": "sell", "timestamp": 1764998933411}, {"id": "1007913799", "price": 132.92, "amount": 0.04, "side": "buy", "timestamp": 1764998934338}, {"id": "1007913800", "price": 132.92, "amount": 353.45, "side": "buy", "timestamp": 1764998934488}, {"id": "1007913801", "price": 132.91, "amount": 78.97, "side": "sell", "timestamp": 1764998935161}, {"id": "1007913802", "price": 132.92, "amount": 5.0, "side": "buy", "timestamp": 1764998936711}, {"id": "1007913803", "price": 132.91, "amount": 2.5, "side": "sell", "timestamp": 1764998937047}, {"id": "1007913804", "price": 132.91, "amount": 3.68, "side": "sell", "timestamp": 1764998937195}, {"id": "1007913805", "price": 132.91, "amount": 0.04, "side": "sell", "timestamp": 1764998938266}, {"id": "1007913806", "price": 132.91, "amount": 10.0, "side": "sell", "timestamp": 1764998938527}, {"id": "1007913807", "price": 132.92, "amount": 0.05, "side": "buy", "timestamp": 1764998939282}, {"id": "1007913808", "price": 132.91, "amount": 0.06, "side": "sell", "timestamp": 1764998939478}, {"id": "1007913809", "price": 132.91, "amount": 0.19, "side": "sell", "timestamp": 1764998939588}, {"id": "1007913810", "price": 132.92, "amount": 0.09, "side": "buy", "timestamp": 1764998939644}, {"id": "1007913811", "price": 132.92, "amount": 5.0, "side": "buy", "timestamp": 1764998940237}, {"id": "1007913812", "price": 132.92, "amount": 158.63, "side": "buy", "timestamp": 1764998940359}, {"id": "1007913813", "price": 132.93, "amount": 142.66, "side": "buy", "timestamp": 1764998940359}, {"id": "1007913814", "price": 132.92, "amount": 0.04, "side": "sell", "timestamp": 1764998940822}, {"id": "1007913815", "price": 132.93, "amount": 0.47, "side": "buy", "timestamp": 1764998941214}, {"id": "1007913816", "price": 132.93, "amount": 0.07, "side": "buy", "timestamp": 1764998942133}, {"id": "1007913817", "price": 132.93, "amount": 0.12, "side": "buy", "timestamp": 1764998942538}, {"id": "1007913818", "price": 132.93, "amount": 0.06, "side": "buy", "timestamp": 1764998943328}, {"id": "1007913819", "price": 132.93, "amount": 59.48, "side": "buy", "timestamp": 1764998943568}, {"id": "1007913820", "price": 132.94, "amount": 122.07, "side": "buy", "timestamp": 1764998944168}, {"id": "1007913821", "price": 132.95, "amount": 10.23, "side": "buy", "timestamp": 1764998944461}, {"id": "1007913822", "price": 132.94, "amount": 23.97, "side": "sell", "timestamp": 1764998944956}, {"id": "1007913823", "price": 132.94, "amount": 2.02, "side": "sell", "timestamp": 1764998945359}, {"id": "1007913824", "price": 132.95, "amount": 0.06, "side": "buy", "timestamp": 1764998945561}, {"id": "1007913825", "price": 132.94, "amount": 7.62, "side": "sell", "timestamp": 1764998945897}, {"id": "1007913826", "price": 132.95, "amount": 4.0, "side": "buy", "timestamp": 1764998946214}, {"id": "1007913827", "price": 132.94, "amount": 0.05, "side": "sell", "timestamp": 1764998947285}, {"id": "1007913828", "price": 132.95, "amount": 1.8, "side": "buy", "timestamp": 1764998947763}, {"id": "1007913829", "price": 132.95, "amount": 52.0, "side": "buy", "timestamp": 1764998948489}, {"id": "1007913830", "price": 132.94, "amount": 0.69, "side": "sell", "timestamp": 1764998949223}, {"id": "1007913831", "price": 132.95, "amount": 17.0, "side": "buy", "timestamp": 1764998949741}, {"id": "1007913832", "price": 132.95, "amount": 1.04, "side": "buy", "timestamp": 1764998949979}, {"id": "1007913833", "price": 132.95, "amount": 1.8, "side": "buy", "timestamp": 1764998950319}, {"id": "1007913834", "price": 132.94, "amount": 1.51, "side": "sell", "timestamp": 1764998950349}, {"id": "1007913835", "price": 132.94, "amount": 0.16, "side": "sell", "timestamp": 1764998950565}, {"id": "1007913836", "price": 132.94, "amount": 0.07, "side": "sell", "timestamp": 1764998951154}, {"id": "1007913837", "price": 132.95, "amount": 5.1, "side": "buy", "timestamp": 1764998951328}, {"id": "1007913838", "price": 132.95, "amount": 211.02, "side": "buy", "timestamp": 1764998951672}, {"id": "1007913839", "price": 132.95, "amount": 13.14, "side": "sell", "timestamp": 1764998951748}, {"id": "1007913840", "price": 132.95, "amount": 0.05, "side": "sell", "timestamp": 1764998952089}, {"id": "1007913841", "price": 132.96, "amount": 6.14, "side": "buy", "timestamp": 1764998952350}, {"id": "1007913842", "price": 132.95, "amount": 7.52, "side": "sell", "timestamp": 1764998952668}, {"id": "1007913843", "price": 132.96, "amount": 31.39, "side": "buy", "timestamp": 1764998952995}, {"id": "1007913844", "price": 132.96, "amount": 0.1, "side": "buy", "timestamp": 1764998953204}, {"id": "1007913845", "price": 132.96, "amount": 1.0, "side": "buy", "timestamp": 1764998953400}, {"id": "1007913846", "price": 132.95, "amount": 0.22, "side": "sell", "timestamp": 1764998953901}, {"id": "1007913926", "price": 133.01, "amount": 9.77, "side": "sell", "timestamp": 1764998985689}, {"id": "1007913927", "price": 133.01, "amount": 253.14, "side": "sell", "timestamp": 1764998986249}, {"id": "1007913928", "price": 133.0, "amount": 1909.19, "side": "sell", "timestamp": 1764998986261}, {"id": "1007913929", "price": 132.99, "amount": 30.42, "side": "sell", "timestamp": 1764998986271}, {"id": "1007913930", "price": 132.99, "amount": 0.05, "side": "buy", "timestamp": 1764998986326}, {"id": "1007913931", "price": 132.98, "amount": 0.46, "side": "sell", "timestamp": 1764998986523}, {"id": "1007913932", "price": 132.99, "amount": 5.0, "side": "buy", "timestamp": 1764998986828}, {"id": "1007913933", "price": 132.99, "amount": 29.05, "side": "buy", "timestamp": 1764998987217}, {"id": "1007913934", "price": 132.99, "amount": 100.0, "side": "buy", "timestamp": 1764998987410}, {"id": "1007913935", "price": 132.99, "amount": 1.42, "side": "buy", "timestamp": 1764998988653}, {"id": "1007913936", "price": 132.98, "amount": 2.09, "side": "sell", "timestamp": 1764998988739}, {"id": "1007913937", "price": 132.99, "amount": 956.96, "side": "buy", "timestamp": 1764998988973}, {"id": "1007913938", "price": 133.0, "amount": 0.75, "side": "buy", "timestamp": 1764998990254}, {"id": "1007913939", "price": 132.99, "amount": 0.14, "side": "sell", "timestamp": 1764998990462}, {"id": "1007913940", "price": 132.99, "amount": 8.33, "side": "sell", "timestamp": 1764998991105}, {"id": "1007913941", "price": 132.99, "amount": 40.05, "side": "sell", "timestamp": 1764998991380}, {"id": "1007913942", "price": 132.99, "amount": 0.04, "side": "sell", "timestamp": 1764998992120}, {"id": "1007913943", "price": 132.99, "amount": 0.86, "side": "sell", "timestamp": 1764998992558}, {"id": "1007913944", "price": 133.0, "amount": 0.63, "side": "buy", "timestamp": 1764998992879}, {"id": "1007913945", "price": 132.99, "amount": 9.8, "side": "sell", "timestamp": 1764998992936}, {"id": "1007913946", "price": 132.99, "amount": 36.4, "side": "sell", "timestamp": 1764998993493}, {"id": "1007913947", "price": 133.0, "amount": 0.68, "side": "buy", "timestamp": 1764998993737}, {"id": "1007913948", "price": 132.99, "amount": 0.04, "side": "sell", "timestamp": 1764998994567}, {"id": "1007913949", "price": 132.99, "amount": 1.0, "side": "sell", "timestamp": 1764998995037}, {"id": "1007913950", "price": 133.0, "amount": 0.3, "side": "buy", "timestamp": 1764998995670}, {"id": "1007913951", "price": 132.99, "amount": 7.51, "side": "sell", "timestamp": 1764998996372}, {"id": "1007913952", "price": 132.99, "amount": 0.05, "side": "sell", "timestamp": 1764998997102}, {"id": "1007913953", "price": 133.0, "amount": 1.87, "side": "buy", "timestamp": 1764998997434}, {"id": "1007913954", "price": 133.0, "amount": 0.18, "side": "buy", "timestamp": 1764998997613}, {"id": "1007913955", "price": 132.99, "amount": 1.67, "side": "sell", "timestamp": 1764998997846}, {"id": "1007913956", "price": 133.0, "amount": 0.55, "side": "buy", "timestamp": 1764998997850}, {"id": "1007913957", "price": 133.0, "amount": 0.09, "side": "buy", "timestamp": 1764998998268}, {"id": "1007913958", "price": 132.99, "amount": 0.09, "side": "sell", "timestamp": 1764998999666}, {"id": "1007913959", "price": 133.0, "amount": 429.55, "side": "buy", "timestamp": 1764998999938}, {"id": "1007913960", "price": 132.99, "amount": 0.16, "side": "sell", "timestamp": 1764999000400}, {"id": "1007913961", "price": 133.0, "amount": 152.36, "side": "buy", "timestamp": 1764999000809}, {"id": "1007913962", "price": 133.0, "amount": 0.54, "side": "buy", "timestamp": 1764999001189}, {"id": "1007913963", "price": 132.99, "amount": 229.68, "side": "sell", "timestamp": 1764999001245}, {"id": "1007913964", "price": 132.98, "amount": 0.25, "side": "sell", "timestamp": 1764999001316}, {"id": "1007913965", "price": 132.98, "amount": 0.08, "side": "sell", "timestamp": 1764999001674}, {"id": "1007913966", "price": 132.99, "amount": 0.05, "side": "buy", "timestamp": 1764999001892}, {"id": "1007913967", "price": 132.98, "amount": 68.27, "side": "sell", "timestamp": 1764999002306}, {"id": "1007913968", "price": 132.98, "amount": 22.85, "side": "buy", "timestamp": 1764999002328}, {"id": "1007913969", "price": 132.97, "amount": 11.52, "side": "sell", "timestamp": 1764999002344}, {"id": "1007913970", "price": 132.96, "amount": 2.0, "side": "sell", "timestamp": 1764999002531}, {"id": "1007913971", "price": 132.96, "amount": 0.15, "side": "sell", "timestamp": 1764999002811}, {"id": "1007913972", "price": 132.97, "amount": 25.98, "side": "buy", "timestamp": 1764999003024}, {"id": "1007913973", "price": 132.98, "amount": 4.22, "side": "buy", "timestamp": 1764999003056}, {"id": "1007913974", "price": 132.98, "amount": 1.0, "side": "sell", "timestamp": 1764999003288}, {"id": "1007913975", "price": 132.98, "amount": 0.05, "side": "sell", "timestamp": 1764999003737}, {"id": "1007914029", "price": 132.96, "amount": 1.67, "side": "sell", "timestamp": 1764999032695}, {"id": "1007914030", "price": 132.96, "amount": 31.69, "side": "sell", "timestamp": 1764999032863}, {"id": "1007914031", "price": 132.96, "amount": 0.43, "side": "buy", "timestamp": 1764999033025}, {"id": "1007914032", "price": 132.95, "amount": 0.19, "side": "sell", "timestamp": 1764999033200}, {"id": "1007914033", "price": 132.95, "amount": 3.88, "side": "sell", "timestamp": 1764999033372}, {"id": "1007914034", "price": 132.95, "amount": 0.86, "side": "sell", "timestamp": 1764999033505}, {"id": "1007914035", "price": 132.95, "amount": 0.11, "side": "sell", "timestamp": 1764999033678}, {"id": "1007914036", "price": 132.96, "amount": 1.51, "side": "buy", "timestamp": 1764999035534}, {"id": "1007914037", "price": 132.95, "amount": 0.09, "side": "sell", "timestamp": 1764999035669}, {"id": "1007914038", "price": 132.95, "amount": 0.06, "side": "sell", "timestamp": 1764999036096}, {"id": "1007914039", "price": 132.96, "amount": 8.91, "side": "buy", "timestamp": 1764999036239}, {"id": "1007914040", "price": 132.95, "amount": 3.31, "side": "sell", "timestamp": 1764999036411}, {"id": "1007914041", "price": 132.95, "amount": 21.41, "side": "sell", "timestamp": 1764999037083}, {"id": "1007914042", "price": 132.96, "amount": 1.52, "side": "buy", "timestamp": 1764999037800}, {"id": "1007914043", "price": 132.96, "amount": 6.23, "side": "buy", "timestamp": 1764999038529}, {"id": "1007914044", "price": 132.95, "amount": 0.37, "side": "sell", "timestamp": 1764999038908}, {"id": "1007914045", "price": 132.96, "amount": 6.23, "side": "buy", "timestamp": 1764999039392}, {"id": "1007914046", "price": 132.96, "amount": 1.33, "side": "buy", "timestamp": 1764999040228}, {"id": "1007914047", "price": 132.95, "amount": 8.43, "side": "sell", "timestamp": 1764999041673}, {"id": "1007914048", "price": 132.95, "amount": 7.6, "side": "sell", "timestamp": 1764999042275}, {"id": "1007914049", "price": 132.95, "amount": 0.27, "side": "sell", "timestamp": 1764999043292}, {"id": "1007914050", "price": 132.96, "amount": 7.59, "side": "buy", "timestamp": 1764999044035}, {"id": "1007914051", "price": 132.95, "amount": 0.03, "side": "sell", "timestamp": 1764999044267}, {"id": "1007914052", "price": 132.95, "amount": 0.21, "side": "sell", "timestamp": 1764999044598}, {"id": "1007914053", "price": 132.95, "amount": 0.07, "side": "sell", "timestamp": 1764999044726}, {"id": "1007914054", "price": 132.96, "amount": 0.07, "side": "buy", "timestamp": 1764999044872}, {"id": "1007914055", "price": 132.95, "amount": 225.06, "side": "sell", "timestamp": 1764999045007}, {"id": "1007914056", "price": 132.96, "amount": 4.97, "side": "buy", "timestamp": 1764999045033}, {"id": "1007914057", "price": 132.95, "amount": 3.31, "side": "sell", "timestamp": 1764999046817}, {"id": "1007914058", "price": 132.95, "amount": 9.53, "side": "sell", "timestamp": 1764999047261}, {"id": "1007914059", "price": 132.95, "amount": 17.36, "side": "sell", "timestamp": 1764999047767}, {"id": "1007914060", "price": 132.95, "amount": 0.79, "side": "sell", "timestamp": 1764999049070}, {"id": "1007914061", "price": 132.95, "amount": 0.02, "side": "sell", "timestamp": 1764999049656}, {"id": "1007914062", "price": 132.95, "amount": 2.62, "side": "sell", "timestamp": 1764999049812}, {"id": "1007914063", "price": 132.96, "amount": 0.05, "side": "buy", "timestamp": 1764999050171}, {"id": "1007914064", "price": 132.95, "amount": 6.23, "side": "sell", "timestamp": 1764999050807}, {"id": "1007914065", "price": 132.96, "amount": 0.04, "side": "buy", "timestamp": 1764999050914}, {"id": "1007914066", "price": 132.95, "amount": 0.21, "side": "sell", "timestamp": 1764999051565}, {"id": "1007914067", "price": 132.96, "amount": 8.95, "side": "buy", "timestamp": 1764999052038}, {"id": "1007914068", "price": 132.96, "amount": 0.34, "side": "buy", "timestamp": 1764999052284}, {"id": "1007914069", "price": 132.95, "amount": 0.32, "side": "sell", "timestamp": 1764999052329}, {"id": "1007914070", "price": 132.95, "amount": 4.02, "side": "sell", "timestamp": 1764999052495}, {"id": "1007914071", "price": 132.96, "amount": 0.01, "side": "buy", "timestamp": 1764999052705}, {"id": "1007914072", "price": 132.95, "amount": 11.72, "side": "sell", "timestamp": 1764999052979}, {"id": "1007914073", "price": 132.96, "amount": 1.19, "side": "buy", "timestamp": 1764999053628}, {"id": "1007914074", "price": 132.95, "amount": 0.05, "side": "sell", "timestamp": 1764999053951}, {"id": "1007914075", "price": 132.95, "amount": 5.08, "side": "sell", "timestamp": 1764999054797}, {"id": "1007914076", "price": 132.95, "amount": 145.1, "side": "sell", "timestamp": 1764999055622}, {"id": "1007914077", "price": 132.95, "amount": 0.18, "side": "sell", "timestamp": 1764999056305}, {"id": "1007914078", "price": 132.95, "amount": 0.1, "side": "sell", "timestamp": 1764999057062}, {"id": "1007914120", "price": 132.93, "amount": 25.0, "side": "sell", "timestamp": 1764999080212}, {"id": "1007914121", "price": 132.94, "amount": 2.95, "side": "buy", "timestamp": 1764999080248}, {"id": "1007914122", "price": 132.94, "amount": 0.88, "side": "buy", "timestamp": 1764999080475}, {"id": "1007914123", "price": 132.93, "amount": 0.44, "side": "sell", "timestamp": 1764999080475}, {"id": "1007914124", "price": 132.94, "amount": 2.69, "side": "buy", "timestamp": 1764999081486}, {"id": "1007914125", "price": 132.93, "amount": 88.0, "side": "sell", "timestamp": 1764999081540}, {"id": "1007914126", "price": 132.94, "amount": 2.0, "side": "buy", "timestamp": 1764999083546}, {"id": "1007914127", "price": 132.93, "amount": 0.66, "side": "sell", "timestamp": 1764999084737}, {"id": "1007914128", "price": 132.93, "amount": 7.53, "side": "sell", "timestamp": 1764999085351}, {"id": "1007914129", "price": 132.93, "amount": 0.23, "side": "sell", "timestamp": 1764999086430}, {"id": "1007914130", "price": 132.94, "amount": 0.06, "side": "buy", "timestamp": 1764999087234}, {"id": "1007914131", "price": 132.94, "amount": 46.72, "side": "buy", "timestamp": 1764999087610}, {"id": "1007914132", "price": 132.94, "amount": 8.49, "side": "sell", "timestamp": 1764999088181}, {"id": "1007914133", "price": 132.95, "amount": 0.1, "side": "buy", "timestamp": 1764999088324}, {"id": "1007914134", "price": 132.95, "amount": 0.07, "side": "buy", "timestamp": 1764999088908}, {"id": "1007914135", "price": 132.94, "amount": 0.81, "side": "sell", "timestamp": 1764999089686}, {"id": "1007914136", "price": 132.94, "amount": 7.54, "side": "sell", "timestamp": 1764999090040}, {"id": "1007914137", "price": 132.95, "amount": 122.95, "side": "buy", "timestamp": 1764999090540}, {"id": "1007914138", "price": 132.95, "amount": 0.04, "side": "buy", "timestamp": 1764999091126}, {"id": "1007914139", "price": 132.94, "amount": 0.07, "side": "sell", "timestamp": 1764999091599}, {"id": "1007914140", "price": 132.94, "amount": 0.07, "side": "sell", "timestamp": 1764999092350}, {"id": "1007914141", "price": 132.94, "amount": 1.78, "side": "sell", "timestamp": 1764999092852}, {"id": "1007914142", "price": 132.95, "amount": 2.0, "side": "buy", "timestamp": 1764999093220}, {"id": "1007914143", "price": 132.95, "amount": 0.11, "side": "buy", "timestamp": 1764999093326}, {"id": "1007914144", "price": 132.95, "amount": 5.06, "side": "buy", "timestamp": 1764999093433}, {"id": "1007914145", "price": 132.94, "amount": 3.08, "side": "sell", "timestamp": 1764999094154}, {"id": "1007914146", "price": 132.95, "amount": 0.05, "side": "buy", "timestamp": 1764999094215}, {"id": "1007914147", "price": 132.95, "amount": 0.25, "side": "buy", "timestamp": 1764999094926}, {"id": "1007914148", "price": 132.94, "amount": 7.0, "side": "sell", "timestamp": 1764999096591}, {"id": "1007914149", "price": 132.94, "amount": 4.66, "side": "sell", "timestamp": 1764999099456}, {"id": "1007914150", "price": 132.94, "amount": 0.68, "side": "sell", "timestamp": 1764999099755}, {"id": "1007914151", "price": 132.95, "amount": 7.56, "side": "buy", "timestamp": 1764999100161}, {"id": "1007914152", "price": 132.95, "amount": 0.06, "side": "buy", "timestamp": 1764999101219}, {"id": "1007914153", "price": 132.94, "amount": 12.33, "side": "sell", "timestamp": 1764999101942}, {"id": "1007914154", "price": 132.95, "amount": 5.0, "side": "buy", "timestamp": 1764999102448}, {"id": "1007914155", "price": 132.95, "amount": 1.5, "side": "buy", "timestamp": 1764999102895}, {"id": "1007914156", "price": 132.94, "amount": 1.62, "side": "sell", "timestamp": 1764999103414}, {"id": "1007914157", "price": 132.94, "amount": 0.68, "side": "sell", "timestamp": 1764999104923}, {"id": "1007914158", "price": 132.94, "amount": 0.09, "side": "sell", "timestamp": 1764999105425}, {"id": "1007914159", "price": 132.95, "amount": 1.0, "side": "buy", "timestamp": 1764999105615}, {"id": "1007914160", "price": 132.95, "amount": 0.04, "side": "buy", "timestamp": 1764999105741}, {"id": "1007914161", "price": 132.94, "amount": 2.61, "side": "sell", "timestamp": 1764999105767}, {"id": "1007914162", "price": 132.94, "amount": 0.05, "side": "sell", "timestamp": 1764999106089}, {"id": "1007914163", "price": 132.94, "amount": 4.38, "side": "sell", "timestamp": 1764999106240}, {"id": "1007914164", "price": 132.95, "amount": 0.39, "side": "buy", "timestamp": 1764999106275}, {"id": "1007914165", "price": 132.95, "amount": 0.84, "side": "buy", "timestamp": 1764999107153}, {"id": "1007914166", "price": 132.94, "amount": 0.54, "side": "sell", "timestamp": 1764999107320}, {"id": "1007914167", "price": 132.94, "amount": 0.09, "side": "sell", "timestamp": 1764999107666}, {"id": "1007914168", "price": 132.94, "amount": 0.67, "side": "sell", "timestamp": 1764999108088}, {"id": "1007914169", "price": 132.95, "amount": 3.76, "side": "buy", "timestamp": 1764999108277}, {"id": "1007914219", "price": 132.95, "amount": 4.59, "side": "buy", "timestamp": 1764999134337}, {"id": "1007914220", "price": 132.94, "amount": 0.56, "side": "sell", "timestamp": 1764999134774}, {"id": "1007914221", "price": 132.95, "amount": 0.01, "side": "buy", "timestamp": 1764999134857}, {"id": "1007914222", "price": 132.94, "amount": 0.43, "side": "sell", "timestamp": 1764999135060}, {"id": "1007914223", "price": 132.94, "amount": 0.06, "side": "sell", "timestamp": 1764999135260}, {"id": "1007914224", "price": 132.95, "amount": 0.14, "side": "buy", "timestamp": 1764999135912}, {"id": "1007914225", "price": 132.94, "amount": 1.78, "side": "sell", "timestamp": 1764999136902}, {"id": "1007914226", "price": 132.94, "amount": 0.75, "side": "sell", "timestamp": 1764999139757}, {"id": "1007914227", "price": 132.94, "amount": 0.61, "side": "sell", "timestamp": 1764999140067}, {"id": "1007914228", "price": 132.95, "amount": 0.39, "side": "buy", "timestamp": 1764999140452}, {"id": "1007914229", "price": 132.95, "amount": 0.44, "side": "buy", "timestamp": 1764999140986}, {"id": "1007914230", "price": 132.95, "amount": 0.04, "side": "buy", "timestamp": 1764999141187}, {"id": "1007914231", "price": 132.95, "amount": 7.44, "side": "buy", "timestamp": 1764999141932}, {"id": "1007914232", "price": 132.94, "amount": 0.09, "side": "sell", "timestamp": 1764999143664}, {"id": "1007914233", "price": 132.95, "amount": 133.55, "side": "buy", "timestamp": 1764999144082}, {"id": "1007914234", "price": 132.96, "amount": 0.06, "side": "buy", "timestamp": 1764999144203}, {"id": "1007914235", "price": 132.95, "amount": 0.84, "side": "sell", "timestamp": 1764999145121}, {"id": "1007914236", "price": 132.96, "amount": 0.01, "side": "buy", "timestamp": 1764999145617}, {"id": "1007914237", "price": 132.95, "amount": 0.08, "side": "sell", "timestamp": 1764999146253}, {"id": "1007914238", "price": 132.96, "amount": 0.01, "side": "buy", "timestamp": 1764999146692}, {"id": "1007914239", "price": 132.95, "amount": 0.37, "side": "sell", "timestamp": 1764999147163}, {"id": "1007914240", "price": 132.95, "amount": 0.07, "side": "sell", "timestamp": 1764999147273}, {"id": "1007914241", "price": 132.96, "amount": 0.04, "side": "buy", "timestamp": 1764999147363}, {"id": "1007914242", "price": 132.96, "amount": 3.58, "side": "buy", "timestamp": 1764999147734}, {"id": "1007914243", "price": 132.95, "amount": 0.16, "side": "sell", "timestamp": 1764999148377}, {"id": "1007914244", "price": 132.96, "amount": 0.01, "side": "buy", "timestamp": 1764999148526}, {"id": "1007914245", "price": 132.96, "amount": 18.15, "side": "buy", "timestamp": 1764999148651}, {"id": "1007914246", "price": 132.95, "amount": 0.25, "side": "sell", "timestamp": 1764999148716}, {"id": "1007914247", "price": 132.95, "amount": 0.53, "side": "sell", "timestamp": 1764999149950}, {"id": "1007914248", "price": 132.95, "amount": 0.1, "side": "sell", "timestamp": 1764999150676}, {"id": "1007914249", "price": 132.96, "amount": 0.05, "side": "buy", "timestamp": 1764999150799}, {"id": "1007914250", "price": 132.95, "amount": 75.21, "side": "sell", "timestamp": 1764999151527}, {"id": "1007914251", "price": 132.96, "amount": 0.05, "side": "buy", "timestamp": 1764999152265}, {"id": "1007914252", "price": 132.96, "amount": 0.04, "side": "buy", "timestamp": 1764999153345}, {"id": "1007914253", "price": 132.96, "amount": 115.55, "side": "buy", "timestamp": 1764999153579}, {"id": "1007914254", "price": 132.97, "amount": 64.08, "side": "buy", "timestamp": 1764999153588}, {"id": "1007914255", "price": 132.96, "amount": 7.36, "side": "sell", "timestamp": 1764999153615}, {"id": "1007914256", "price": 132.97, "amount": 16.54, "side": "buy", "timestamp": 1764999153654}, {"id": "1007914257", "price": 132.98, "amount": 0.44, "side": "buy", "timestamp": 1764999153661}, {"id": "1007914258", "price": 132.98, "amount": 6.1, "side": "buy", "timestamp": 1764999154067}, {"id": "1007914259", "price": 132.98, "amount": 0.02, "side": "buy", "timestamp": 1764999154225}, {"id": "1007914260", "price": 132.98, "amount": 137.53, "side": "buy", "timestamp": 1764999157101}, {"id": "1007914261", "price": 132.99, "amount": 21.36, "side": "buy", "timestamp": 1764999157109}, {"id": "1007914262", "price": 133.0, "amount": 1.0, "side": "buy", "timestamp": 1764999157143}, {"id": "1007914263", "price": 132.99, "amount": 16.75, "side": "sell", "timestamp": 1764999157455}, {"id": "1007914264", "price": 133.0, "amount": 0.04, "side": "buy", "timestamp": 1764999157657}, {"id": "1007914265", "price": 132.99, "amount": 0.93, "side": "sell", "timestamp": 1764999157947}, {"id": "1007914266", "price": 133.0, "amount": 0.47, "side": "buy", "timestamp": 1764999157957}, {"id": "1007914267", "price": 133.0, "amount": 0.05, "side": "buy", "timestamp": 1764999158294}, {"id": "1007914268", "price": 133.0, "amount": 0.04, "side": "buy", "timestamp": 1764999159287}, {"id": "1007914313", "price": 132.94, "amount": 9.47, "side": "sell", "timestamp": 1764999183299}, {"id": "1007914314", "price": 132.93, "amount": 0.43, "side": "sell", "timestamp": 1764999183453}, {"id": "1007914315", "price": 132.93, "amount": 6.03, "side": "sell", "timestamp": 1764999183681}, {"id": "1007914316", "price": 132.94, "amount": 2.24, "side": "buy", "timestamp": 1764999184074}, {"id": "1007914317", "price": 132.94, "amount": 9.36, "side": "buy", "timestamp": 1764999184630}, {"id": "1007914318", "price": 132.94, "amount": 22.55, "side": "buy", "timestamp": 1764999185633}, {"id": "1007914319", "price": 132.94, "amount": 3.0, "side": "buy", "timestamp": 1764999186464}, {"id": "1007914320", "price": 132.93, "amount": 0.77, "side": "sell", "timestamp": 1764999188965}, {"id": "1007914321", "price": 132.93, "amount": 0.02, "side": "sell", "timestamp": 1764999189514}, {"id": "1007914322", "price": 132.93, "amount": 0.76, "side": "sell", "timestamp": 1764999189810}, {"id": "1007914323", "price": 132.94, "amount": 75.14, "side": "buy", "timestamp": 1764999191321}, {"id": "1007914324", "price": 132.93, "amount": 0.9, "side": "sell", "timestamp": 1764999192811}, {"id": "1007914325", "price": 132.94, "amount": 0.22, "side": "buy", "timestamp": 1764999192845}, {"id": "1007914326", "price": 132.93, "amount": 4.75, "side": "sell", "timestamp": 1764999193555}, {"id": "1007914327", "price": 132.93, "amount": 29.92, "side": "sell", "timestamp": 1764999194222}, {"id": "1007914328", "price": 132.93, "amount": 1.03, "side": "sell", "timestamp": 1764999194818}, {"id": "1007914329", "price": 132.93, "amount": 35.77, "side": "sell", "timestamp": 1764999195565}, {"id": "1007914330", "price": 132.93, "amount": 0.12, "side": "sell", "timestamp": 1764999195916}, {"id": "1007914331", "price": 132.93, "amount": 25.06, "side": "sell", "timestamp": 1764999196202}, {"id": "1007914332", "price": 132.93, "amount": 2.43, "side": "sell", "timestamp": 1764999197455}, {"id": "1007914333", "price": 132.93, "amount": 0.07, "side": "sell", "timestamp": 1764999197743}, {"id": "1007914334", "price": 132.93, "amount": 2.99, "side": "sell", "timestamp": 1764999198861}, {"id": "1007914335", "price": 132.94, "amount": 2.0, "side": "buy", "timestamp": 1764999199081}, {"id": "1007914336", "price": 132.94, "amount": 0.32, "side": "buy", "timestamp": 1764999199206}, {"id": "1007914337", "price": 132.93, "amount": 0.06, "side": "sell", "timestamp": 1764999199445}, {"id": "1007914338", "price": 132.94, "amount": 0.01, "side": "buy", "timestamp": 1764999199575}, {"id": "1007914339", "price": 132.93, "amount": 7.7, "side": "sell", "timestamp": 1764999199837}, {"id": "1007914340", "price": 132.93, "amount": 564.52, "side": "sell", "timestamp": 1764999200488}, {"id": "1007914341", "price": 132.93, "amount": 0.05, "side": "buy", "timestamp": 1764999201222}, {"id": "1007914342", "price": 132.93, "amount": 0.04, "side": "buy", "timestamp": 1764999201533}, {"id": "1007914343", "price": 132.92, "amount": 0.15, "side": "sell", "timestamp": 1764999202118}, {"id": "1007914344", "price": 132.93, "amount": 0.74, "side": "buy", "timestamp": 1764999202225}, {"id": "1007914345", "price": 132.92, "amount": 18.0, "side": "sell", "timestamp": 1764999203239}, {"id": "1007914346", "price": 132.92, "amount": 22.22, "side": "sell", "timestamp": 1764999203649}, {"id": "1007914347", "price": 132.93, "amount": 0.74, "side": "buy", "timestamp": 1764999203808}, {"id": "1007914348", "price": 132.92, "amount": 10.62, "side": "sell", "timestamp": 1764999204874}, {"id": "1007914349", "price": 132.92, "amount": 7.52, "side": "sell", "timestamp": 1764999205309}, {"id": "1007914350", "price": 132.92, "amount": 3.41, "side": "sell", "timestamp": 1764999206645}, {"id": "1007914351", "price": 132.93, "amount": 0.01, "side": "buy", "timestamp": 1764999206660}, {"id": "1007914352", "price": 132.93, "amount": 0.01, "side": "buy", "timestamp": 1764999206892}, {"id": "1007914353", "price": 132.92, "amount": 0.26, "side": "sell", "timestamp": 1764999206932}, {"id": "1007914354", "price": 132.92, "amount": 0.05, "side": "sell", "timestamp": 1764999207060}, {"id": "1007914355", "price": 132.93, "amount": 11.28, "side": "buy", "timestamp": 1764999207713}, {"id": "1007914356", "price": 132.92, "amount": 558.67, "side": "sell", "timestamp": 1764999208238}, {"id": "1007914357", "price": 132.91, "amount": 7.52, "side": "sell", "timestamp": 1764999208358}, {"id": "1007914358", "price": 132.92, "amount": 195.79, "side": "buy", "timestamp": 1764999208539}, {"id": "1007914359", "price": 132.93, "amount": 1.01, "side": "buy", "timestamp": 1764999208749}, {"id": "1007914360", "price": 132.93, "amount": 0.08, "side": "buy", "timestamp": 1764999209546}, {"id": "1007914361", "price": 132.92, "amount": 0.59, "side": "sell", "timestamp": 1764999209772}, {"id": "1007914362", "price": 132.93, "amount": 0.12, "side": "buy", "timestamp": 1764999210710}, {"id": "1007914423", "price": 132.92, "amount": 1.0, "side": "sell", "timestamp": 1764999244042}, {"id": "1007914424", "price": 132.92, "amount": 0.04, "side": "sell", "timestamp": 1764999244297}, {"id": "1007914425", "price": 132.92, "amount": 9.36, "side": "sell", "timestamp": 1764999245006}, {"id": "1007914426", "price": 132.92, "amount": 2.47, "side": "sell", "timestamp": 1764999245503}, {"id": "1007914427", "price": 132.92, "amount": 0.29, "side": "sell", "timestamp": 1764999245611}, {"id": "1007914428", "price": 132.93, "amount": 0.07, "side": "buy", "timestamp": 1764999246279}, {"id": "1007914429", "price": 132.92, "amount": 1.8, "side": "sell", "timestamp": 1764999246577}, {"id": "1007914430", "price": 132.93, "amount": 1.01, "side": "buy", "timestamp": 1764999246756}, {"id": "1007914431", "price": 132.92, "amount": 450.27, "side": "sell", "timestamp": 1764999246887}, {"id": "1007914432", "price": 132.91, "amount": 380.71, "side": "sell", "timestamp": 1764999246887}, {"id": "1007914433", "price": 132.9, "amount": 49.67, "side": "sell", "timestamp": 1764999246959}, {"id": "1007914434", "price": 132.89, "amount": 102.37, "side": "sell", "timestamp": 1764999247034}, {"id": "1007914435", "price": 132.88, "amount": 2.62, "side": "sell", "timestamp": 1764999247096}, {"id": "1007914436", "price": 132.88, "amount": 0.44, "side": "sell", "timestamp": 1764999247249}, {"id": "1007914437", "price": 132.87, "amount": 51.11, "side": "sell", "timestamp": 1764999247279}, {"id": "1007914438", "price": 132.87, "amount": 1.44, "side": "buy", "timestamp": 1764999247409}, {"id": "1007914439", "price": 132.86, "amount": 1.14, "side": "sell", "timestamp": 1764999247813}, {"id": "1007914440", "price": 132.86, "amount": 0.06, "side": "sell", "timestamp": 1764999248352}, {"id": "1007914441", "price": 132.87, "amount": 0.01, "side": "buy", "timestamp": 1764999249798}, {"id": "1007914442", "price": 132.86, "amount": 0.82, "side": "sell", "timestamp": 1764999249968}, {"id": "1007914443", "price": 132.86, "amount": 1.21, "side": "sell", "timestamp": 1764999250188}, {"id": "1007914444", "price": 132.86, "amount": 1.0, "side": "sell", "timestamp": 1764999250337}, {"id": "1007914445", "price": 132.87, "amount": 0.07, "side": "buy", "timestamp": 1764999250585}, {"id": "1007914446", "price": 132.86, "amount": 0.1, "side": "sell", "timestamp": 1764999250696}, {"id": "1007914447", "price": 132.86, "amount": 0.12, "side": "sell", "timestamp": 1764999250845}, {"id": "1007914448", "price": 132.87, "amount": 2.66, "side": "buy", "timestamp": 1764999251013}, {"id": "1007914449", "price": 132.86, "amount": 0.32, "side": "sell", "timestamp": 1764999251402}, {"id": "1007914450", "price": 132.86, "amount": 10.15, "side": "sell", "timestamp": 1764999251534}, {"id": "1007914451", "price": 132.86, "amount": 23.1, "side": "sell", "timestamp": 1764999251666}, {"id": "1007914452", "price": 132.87, "amount": 1.44, "side": "buy", "timestamp": 1764999251887}, {"id": "1007914453", "price": 132.86, "amount": 0.23, "side": "sell", "timestamp": 1764999252721}, {"id": "1007914454", "price": 132.86, "amount": 0.65, "side": "sell", "timestamp": 1764999254854}, {"id": "1007914455", "price": 132.87, "amount": 0.95, "side": "buy", "timestamp": 1764999255164}, {"id": "1007914456", "price": 132.86, "amount": 48.25, "side": "sell", "timestamp": 1764999255255}, {"id": "1007914457", "price": 132.86, "amount": 84.69, "side": "sell", "timestamp": 1764999256126}, {"id": "1007914458", "price": 132.86, "amount": 0.01, "side": "buy", "timestamp": 1764999256205}, {"id": "1007914459", "price": 132.85, "amount": 0.08, "side": "sell", "timestamp": 1764999256348}, {"id": "1007914460", "price": 132.86, "amount": 0.74, "side": "buy", "timestamp": 1764999256381}, {"id": "1007914461", "price": 132.86, "amount": 0.2, "side": "buy", "timestamp": 1764999256856}, {"id": "1007914462", "price": 132.86, "amount": 1.44, "side": "buy", "timestamp": 1764999257104}, {"id": "1007914463", "price": 132.85, "amount": 9.59, "side": "sell", "timestamp": 1764999257642}, {"id": "1007914464", "price": 132.86, "amount": 24.82, "side": "buy", "timestamp": 1764999259657}, {"id": "1007914465", "price": 132.85, "amount": 509.4, "side": "sell", "timestamp": 1764999259682}, {"id": "1007914466", "price": 132.85, "amount": 0.57, "side": "sell", "timestamp": 1764999259935}, {"id": "1007914467", "price": 132.85, "amount": 3.73, "side": "sell", "timestamp": 1764999260087}, {"id": "1007914468", "price": 132.85, "amount": 0.04, "side": "sell", "timestamp": 1764999260244}, {"id": "1007914469", "price": 132.86, "amount": 0.07, "side": "buy", "timestamp": 1764999260481}, {"id": "1007914470", "price": 132.85, "amount": 7.58, "side": "sell", "timestamp": 1764999260996}, {"id": "1007914471", "price": 132.85, "amount": 44.3, "side": "sell", "timestamp": 1764999261975}, {"id": "1007914472", "price": 132.84, "amount": 5.7, "side": "sell", "timestamp": 1764999261975}, {"id": "1007914531", "price": 132.92, "amount": 8.98, "side": "buy", "timestamp": 1764999285922}, {"id": "1007914532", "price": 132.91, "amount": 0.39, "side": "sell", "timestamp": 1764999286034}, {"id": "1007914533", "price": 132.92, "amount": 34.38, "side": "buy", "timestamp": 1764999286337}, {"id": "1007914534", "price": 132.93, "amount": 0.22, "side": "buy", "timestamp": 1764999286352}, {"id": "1007914535", "price": 132.92, "amount": 0.09, "side": "sell", "timestamp": 1764999287665}, {"id": "1007914536", "price": 132.92, "amount": 41.95, "side": "sell", "timestamp": 1764999289778}, {"id": "1007914537", "price": 132.93, "amount": 0.07, "side": "buy", "timestamp": 1764999291679}, {"id": "1007914538", "price": 132.92, "amount": 0.39, "side": "sell", "timestamp": 1764999293406}, {"id": "1007914539", "price": 132.93, "amount": 0.04, "side": "buy", "timestamp": 1764999294430}, {"id": "1007914540", "price": 132.93, "amount": 2.01, "side": "buy", "timestamp": 1764999294876}, {"id": "1007914541", "price": 132.93, "amount": 946.37, "side": "buy", "timestamp": 1764999296659}, {"id": "1007914542", "price": 132.94, "amount": 0.44, "side": "buy", "timestamp": 1764999296812}, {"id": "1007914543", "price": 132.93, "amount": 3.91, "side": "sell", "timestamp": 1764999296962}, {"id": "1007914544", "price": 132.94, "amount": 0.15, "side": "buy", "timestamp": 1764999297057}, {"id": "1007914545", "price": 132.94, "amount": 91.46, "side": "buy", "timestamp": 1764999297485}, {"id": "1007914546", "price": 132.95, "amount": 269.71, "side": "buy", "timestamp": 1764999297492}, {"id": "1007914547", "price": 132.96, "amount": 0.25, "side": "buy", "timestamp": 1764999297497}, {"id": "1007914548", "price": 132.96, "amount": 0.83, "side": "buy", "timestamp": 1764999298357}, {"id": "1007914549", "price": 132.95, "amount": 0.33, "side": "sell", "timestamp": 1764999299040}, {"id": "1007914550", "price": 132.95, "amount": 0.36, "side": "sell", "timestamp": 1764999299550}, {"id": "1007914551", "price": 132.96, "amount": 0.96, "side": "buy", "timestamp": 1764999299891}, {"id": "1007914552", "price": 132.95, "amount": 3.76, "side": "sell", "timestamp": 1764999300737}, {"id": "1007914553", "price": 132.96, "amount": 0.05, "side": "buy", "timestamp": 1764999300868}, {"id": "1007914554", "price": 132.96, "amount": 61.7, "side": "buy", "timestamp": 1764999301235}, {"id": "1007914555", "price": 132.97, "amount": 0.22, "side": "buy", "timestamp": 1764999301350}, {"id": "1007914556", "price": 132.96, "amount": 44.99, "side": "sell", "timestamp": 1764999301366}, {"id": "1007914557", "price": 132.96, "amount": 0.3, "side": "sell", "timestamp": 1764999301703}, {"id": "1007914558", "price": 132.97, "amount": 0.22, "side": "buy", "timestamp": 1764999301730}, {"id": "1007914559", "price": 132.97, "amount": 4.59, "side": "buy", "timestamp": 1764999302469}, {"id": "1007914560", "price": 132.96, "amount": 268.64, "side": "sell", "timestamp": 1764999302565}, {"id": "1007914561", "price": 132.95, "amount": 66.44, "side": "sell", "timestamp": 1764999302575}, {"id": "1007914562", "price": 132.95, "amount": 145.77, "side": "buy", "timestamp": 1764999302586}, {"id": "1007914563", "price": 132.95, "amount": 0.05, "side": "buy", "timestamp": 1764999303260}, {"id": "1007914564", "price": 132.95, "amount": 0.37, "side": "buy", "timestamp": 1764999303519}, {"id": "1007914565", "price": 132.94, "amount": 0.17, "side": "sell", "timestamp": 1764999303898}, {"id": "1007914566", "price": 132.94, "amount": 0.24, "side": "sell", "timestamp": 1764999304922}, {"id": "1007914567", "price": 132.95, "amount": 0.38, "side": "buy", "timestamp": 1764999305025}, {"id": "1007914568", "price": 132.94, "amount": 0.83, "side": "sell", "timestamp": 1764999305569}, {"id": "1007914569", "price": 132.94, "amount": 4.26, "side": "sell", "timestamp": 1764999306257}, {"id": "1007914570", "price": 132.94, "amount": 500.0, "side": "sell", "timestamp": 1764999307406}, {"id": "1007914571", "price": 132.95, "amount": 32.71, "side": "buy", "timestamp": 1764999308586}, {"id": "1007914572", "price": 132.95, "amount": 11.05, "side": "buy", "timestamp": 1764999308730}, {"id": "1007914573", "price": 132.94, "amount": 0.11, "side": "sell", "timestamp": 1764999309422}, {"id": "1007914574", "price": 132.94, "amount": 0.57, "side": "sell", "timestamp": 1764999309991}, {"id": "1007914575", "price": 132.94, "amount": 1.26, "side": "sell", "timestamp": 1764999311719}, {"id": "1007914576", "price": 132.95, "amount": 0.07, "side": "buy", "timestamp": 1764999312015}, {"id": "1007914577", "price": 132.95, "amount": 94.19, "side": "buy", "timestamp": 1764999313629}, {"id": "1007914578", "price": 132.96, "amount": 0.22, "side": "buy", "timestamp": 1764999313700}, {"id": "1007914579", "price": 132.96, "amount": 27.14, "side": "buy", "timestamp": 1764999314086}, {"id": "1007914580", "price": 132.96, "amount": 34.36, "side": "buy", "timestamp": 1764999314243}, {"id": "1007914626", "price": 133.0, "amount": 3.34, "side": "buy", "timestamp": 1764999338492}, {"id": "1007914627", "price": 132.99, "amount": 1.7, "side": "sell", "timestamp": 1764999338593}, {"id": "1007914628", "price": 133.0, "amount": 0.62, "side": "buy", "timestamp": 1764999338873}, {"id": "1007914629", "price": 133.0, "amount": 0.21, "side": "buy", "timestamp": 1764999339466}, {"id": "1007914630", "price": 132.99, "amount": 0.62, "side": "sell", "timestamp": 1764999340023}, {"id": "1007914631", "price": 133.0, "amount": 0.37, "side": "buy", "timestamp": 1764999340227}, {"id": "1007914632", "price": 133.0, "amount": 8.0, "side": "buy", "timestamp": 1764999340944}, {"id": "1007914633", "price": 132.99, "amount": 18.95, "side": "sell", "timestamp": 1764999341430}, {"id": "1007914634", "price": 133.0, "amount": 0.06, "side": "buy", "timestamp": 1764999342211}, {"id": "1007914635", "price": 133.0, "amount": 0.24, "side": "buy", "timestamp": 1764999342316}, {"id": "1007914636", "price": 133.0, "amount": 5.0, "side": "buy", "timestamp": 1764999342914}, {"id": "1007914637", "price": 133.0, "amount": 0.52, "side": "buy", "timestamp": 1764999343692}, {"id": "1007914638", "price": 132.99, "amount": 0.59, "side": "sell", "timestamp": 1764999345074}, {"id": "1007914639", "price": 133.0, "amount": 0.52, "side": "buy", "timestamp": 1764999345447}, {"id": "1007914640", "price": 132.99, "amount": 13.31, "side": "sell", "timestamp": 1764999346809}, {"id": "1007914641", "price": 133.0, "amount": 1.4, "side": "buy", "timestamp": 1764999347378}, {"id": "1007914642", "price": 133.0, "amount": 0.05, "side": "buy", "timestamp": 1764999348420}, {"id": "1007914643", "price": 132.99, "amount": 0.37, "side": "sell", "timestamp": 1764999349547}, {"id": "1007914644", "price": 132.99, "amount": 0.65, "side": "sell", "timestamp": 1764999350046}, {"id": "1007914645", "price": 133.0, "amount": 0.39, "side": "buy", "timestamp": 1764999350834}, {"id": "1007914646", "price": 133.0, "amount": 0.31, "side": "buy", "timestamp": 1764999351164}, {"id": "1007914647", "price": 133.0, "amount": 1.52, "side": "buy", "timestamp": 1764999351791}, {"id": "1007914648", "price": 133.0, "amount": 0.35, "side": "buy", "timestamp": 1764999351945}, {"id": "1007914649", "price": 133.0, "amount": 4.05, "side": "buy", "timestamp": 1764999352247}, {"id": "1007914650", "price": 133.0, "amount": 0.29, "side": "buy", "timestamp": 1764999352355}, {"id": "1007914651", "price": 133.0, "amount": 0.09, "side": "buy", "timestamp": 1764999352457}, {"id": "1007914652", "price": 133.0, "amount": 0.29, "side": "buy", "timestamp": 1764999352931}, {"id": "1007914653", "price": 133.0, "amount": 2.0, "side": "buy", "timestamp": 1764999353338}, {"id": "1007914654", "price": 133.0, "amount": 0.21, "side": "buy", "timestamp": 1764999353941}, {"id": "1007914655", "price": 133.0, "amount": 1.68, "side": "buy", "timestamp": 1764999354459}, {"id": "1007914656", "price": 132.99, "amount": 1.31, "side": "sell", "timestamp": 1764999354643}, {"id": "1007914657", "price": 133.0, "amount": 73.57, "side": "buy", "timestamp": 1764999355013}, {"id": "1007914658", "price": 133.0, "amount": 3.54, "side": "buy", "timestamp": 1764999355142}, {"id": "1007914659", "price": 133.0, "amount": 0.08, "side": "buy", "timestamp": 1764999355577}, {"id": "1007914660", "price": 132.99, "amount": 357.75, "side": "sell", "timestamp": 1764999355717}, {"id": "1007914661", "price": 132.99, "amount": 0.28, "side": "sell", "timestamp": 1764999356322}, {"id": "1007914662", "price": 133.0, "amount": 7.28, "side": "buy", "timestamp": 1764999356366}, {"id": "1007914663", "price": 132.99, "amount": 0.09, "side": "sell", "timestamp": 1764999359667}, {"id": "1007914664", "price": 133.0, "amount": 0.83, "side": "buy", "timestamp": 1764999360057}, {"id": "1007914665", "price": 133.0, "amount": 0.73, "side": "buy", "timestamp": 1764999361201}, {"id": "1007914666", "price": 133.0, "amount": 0.13, "side": "buy", "timestamp": 1764999362665}, {"id": "1007914667", "price": 132.99, "amount": 0.75, "side": "sell", "timestamp": 1764999362683}, {"id": "1007914668", "price": 132.99, "amount": 2.92, "side": "sell", "timestamp": 1764999363239}, {"id": "1007914669", "price": 132.99, "amount": 0.3, "side": "sell", "timestamp": 1764999363548}, {"id": "1007914670", "price": 133.0, "amount": 9.18, "side": "buy", "timestamp": 1764999363888}, {"id": "1007914671", "price": 133.0, "amount": 0.16, "side": "buy", "timestamp": 1764999364671}, {"id": "1007914672", "price": 132.99, "amount": 6.72, "side": "sell", "timestamp": 1764999365592}, {"id": "1007914673", "price": 133.0, "amount": 2.25, "side": "buy", "timestamp": 1764999365865}, {"id": "1007914674", "price": 132.99, "amount": 5.04, "side": "sell", "timestamp": 1764999366015}, {"id": "1007914675", "price": 133.0, "amount": 15.03, "side": "buy", "timestamp": 1764999366178}, {"id": "1007914726", "price": 133.0, "amount": 33.31, "side": "buy", "timestamp": 1764999396776}, {"id": "1007914727", "price": 133.0, "amount": 0.13, "side": "buy", "timestamp": 1764999397162}, {"id": "1007914728", "price": 133.0, "amount": 8.27, "side": "buy", "timestamp": 1764999397451}, {"id": "1007914729", "price": 133.0, "amount": 0.05, "side": "buy", "timestamp": 1764999398544}, {"id": "1007914730", "price": 133.0, "amount": 3.07, "side": "buy", "timestamp": 1764999398663}, {"id": "1007914731", "price": 132.99, "amount": 1.68, "side": "sell", "timestamp": 1764999398755}, {"id": "1007914732", "price": 132.99, "amount": 1.6, "side": "sell", "timestamp": 1764999399164}, {"id": "1007914733", "price": 133.0, "amount": 100.0, "side": "buy", "timestamp": 1764999399363}, {"id": "1007914734", "price": 132.99, "amount": 0.01, "side": "sell", "timestamp": 1764999399657}, {"id": "1007914735", "price": 133.0, "amount": 15.73, "side": "buy", "timestamp": 1764999400235}, {"id": "1007914736", "price": 133.0, "amount": 16.16, "side": "buy", "timestamp": 1764999400712}, {"id": "1007914737", "price": 132.99, "amount": 61.83, "side": "sell", "timestamp": 1764999400791}, {"id": "1007914738", "price": 133.0, "amount": 1.72, "side": "buy", "timestamp": 1764999400943}, {"id": "1007914739", "price": 132.99, "amount": 0.91, "side": "sell", "timestamp": 1764999401520}, {"id": "1007914740", "price": 132.99, "amount": 0.02, "side": "sell", "timestamp": 1764999401811}, {"id": "1007914741", "price": 133.0, "amount": 0.38, "side": "buy", "timestamp": 1764999402223}, {"id": "1007914742", "price": 132.99, "amount": 0.04, "side": "sell", "timestamp": 1764999403111}, {"id": "1007914743", "price": 132.99, "amount": 0.03, "side": "sell", "timestamp": 1764999404159}, {"id": "1007914744", "price": 132.99, "amount": 0.64, "side": "sell", "timestamp": 1764999404983}, {"id": "1007914745", "price": 133.0, "amount": 0.27, "side": "buy", "timestamp": 1764999405285}, {"id": "1007914746", "price": 132.99, "amount": 0.02, "side": "sell", "timestamp": 1764999405295}, {"id": "1007914747", "price": 133.0, "amount": 0.75, "side": "buy", "timestamp": 1764999405990}, {"id": "1007914748", "price": 132.99, "amount": 0.38, "side": "sell", "timestamp": 1764999406152}, {"id": "1007914749", "price": 133.0, "amount": 0.04, "side": "buy", "timestamp": 1764999406231}, {"id": "1007914750", "price": 132.99, "amount": 0.05, "side": "sell", "timestamp": 1764999406452}, {"id": "1007914751", "price": 133.0, "amount": 1.17, "side": "buy", "timestamp": 1764999407343}, {"id": "1007914752", "price": 132.99, "amount": 0.08, "side": "sell", "timestamp": 1764999407536}, {"id": "1007914753", "price": 132.99, "amount": 1.08, "side": "sell", "timestamp": 1764999407847}, {"id": "1007914754", "price": 133.0, "amount": 3.9, "side": "buy", "timestamp": 1764999408348}, {"id": "1007914755", "price": 132.99, "amount": 0.03, "side": "sell", "timestamp": 1764999408677}, {"id": "1007914756", "price": 133.0, "amount": 0.04, "side": "buy", "timestamp": 1764999408873}, {"id": "1007914757", "price": 132.99, "amount": 0.66, "side": "sell", "timestamp": 1764999409764}, {"id": "1007914758", "price": 132.99, "amount": 0.06, "side": "sell", "timestamp": 1764999410915}, {"id": "1007914759", "price": 132.99, "amount": 0.04, "side": "sell", "timestamp": 1764999411532}, {"id": "1007914760", "price": 133.0, "amount": 0.21, "side": "buy", "timestamp": 1764999412003}, {"id": "1007914761", "price": 133.0, "amount": 0.04, "side": "buy", "timestamp": 1764999412207}, {"id": "1007914762", "price": 132.99, "amount": 0.08, "side": "sell", "timestamp": 1764999412209}, {"id": "1007914763", "price": 132.99, "amount": 0.05, "side": "sell", "timestamp": 1764999413334}, {"id": "1007914764", "price": 133.0, "amount": 0.24, "side": "buy", "timestamp": 1764999414038}, {"id": "1007914765", "price": 133.0, "amount": 0.05, "side": "buy", "timestamp": 1764999414288}, {"id": "1007914766", "price": 132.99, "amount": 0.05, "side": "sell", "timestamp": 1764999414380}, {"id": "1007914767", "price": 133.0, "amount": 57.28, "side": "buy", "timestamp": 1764999415514}, {"id": "1007914768", "price": 132.99, "amount": 0.1, "side": "sell", "timestamp": 1764999415570}, {"id": "1007914769", "price": 133.0, "amount": 54.9, "side": "buy", "timestamp": 1764999416299}, {"id": "1007914770", "price": 132.99, "amount": 0.1, "side": "sell", "timestamp": 1764999416583}, {"id": "1007914771", "price": 133.0, "amount": 3.53, "side": "buy", "timestamp": 1764999416636}, {"id": "1007914772", "price": 133.0, "amount": 11.83, "side": "buy", "timestamp": 1764999416747}, {"id": "1007914773", "price": 132.99, "amount": 0.01, "side": "sell", "timestamp": 1764999417567}, {"id": "1007914774", "price": 133.0, "amount": 0.26, "side": "buy", "timestamp": 1764999417741}, {"id": "1007914775", "price": 133.0, "amount": 0.04, "side": "buy", "timestamp": 1764999418376}, {"id": "1007914870", "price": 133.03, "amount": 0.76, "side": "buy", "timestamp": 1764999452455}, {"id": "1007914871", "price": 133.03, "amount": 3.34, "side": "buy", "timestamp": 1764999452779}, {"id": "1007914872", "price": 133.02, "amount": 0.03, "side": "sell", "timestamp": 1764999452999}, {"id": "1007914873", "price": 133.02, "amount": 0.59, "side": "sell", "timestamp": 1764999453543}, {"id": "1007914874", "price": 133.02, "amount": 0.04, "side": "sell", "timestamp": 1764999454009}, {"id": "1007914875", "price": 133.02, "amount": 1.0, "side": "sell", "timestamp": 1764999454367}, {"id": "1007914876", "price": 133.02, "amount": 0.06, "side": "sell", "timestamp": 1764999455041}, {"id": "1007914877", "price": 133.03, "amount": 0.21, "side": "buy", "timestamp": 1764999455227}, {"id": "1007914878", "price": 133.03, "amount": 0.05, "side": "buy", "timestamp": 1764999455510}, {"id": "1007914879", "price": 133.02, "amount": 0.49, "side": "sell", "timestamp": 1764999455542}, {"id": "1007914880", "price": 133.02, "amount": 0.04, "side": "sell", "timestamp": 1764999456099}, {"id": "1007914881", "price": 133.02, "amount": 0.03, "side": "sell", "timestamp": 1764999457186}, {"id": "1007914882", "price": 133.03, "amount": 0.2, "side": "buy", "timestamp": 1764999457231}, {"id": "1007914883", "price": 133.03, "amount": 1.49, "side": "buy", "timestamp": 1764999457437}, {"id": "1007914884", "price": 133.02, "amount": 0.08, "side": "sell", "timestamp": 1764999458176}, {"id": "1007914885", "price": 133.02, "amount": 0.06, "side": "sell", "timestamp": 1764999459295}, {"id": "1007914886", "price": 133.03, "amount": 0.31, "side": "buy", "timestamp": 1764999459303}, {"id": "1007914887", "price": 133.03, "amount": 2.0, "side": "buy", "timestamp": 1764999459456}, {"id": "1007914888", "price": 133.02, "amount": 0.53, "side": "sell", "timestamp": 1764999459789}, {"id": "1007914889", "price": 133.02, "amount": 0.72, "side": "sell", "timestamp": 1764999460086}, {"id": "1007914890", "price": 133.02, "amount": 0.08, "side": "sell", "timestamp": 1764999460738}, {"id": "1007914891", "price": 133.02, "amount": 4.46, "side": "sell", "timestamp": 1764999461227}, {"id": "1007914892", "price": 133.02, "amount": 0.07, "side": "sell", "timestamp": 1764999461776}, {"id": "1007914893", "price": 133.02, "amount": 7.51, "side": "sell", "timestamp": 1764999462241}, {"id": "1007914894", "price": 133.02, "amount": 50.0, "side": "sell", "timestamp": 1764999462351}, {"id": "1007914895", "price": 133.02, "amount": 0.05, "side": "sell", "timestamp": 1764999462873}, {"id": "1007914896", "price": 133.02, "amount": 93.92, "side": "sell", "timestamp": 1764999463032}, {"id": "1007914897", "price": 133.02, "amount": 0.07, "side": "sell", "timestamp": 1764999463257}, {"id": "1007914898", "price": 133.03, "amount": 18.0, "side": "buy", "timestamp": 1764999463754}, {"id": "1007914899", "price": 133.02, "amount": 0.07, "side": "sell", "timestamp": 1764999463832}, {"id": "1007914900", "price": 133.03, "amount": 0.05, "side": "buy", "timestamp": 1764999464206}, {"id": "1007914901", "price": 133.02, "amount": 26.37, "side": "sell", "timestamp": 1764999464221}, {"id": "1007914902", "price": 133.02, "amount": 0.78, "side": "sell", "timestamp": 1764999464346}, {"id": "1007914903", "price": 133.02, "amount": 0.78, "side": "sell", "timestamp": 1764999464713}, {"id": "1007914904", "price": 133.02, "amount": 0.13, "side": "sell", "timestamp": 1764999464833}, {"id": "1007914905", "price": 133.02, "amount": 0.52, "side": "sell", "timestamp": 1764999464934}, {"id": "1007914906", "price": 133.02, "amount": 0.65, "side": "sell", "timestamp": 1764999465037}, {"id": "1007914907", "price": 133.02, "amount": 0.1, "side": "sell", "timestamp": 1764999466007}, {"id": "1007914908", "price": 133.02, "amount": 0.11, "side": "sell", "timestamp": 1764999466951}, {"id": "1007914909", "price": 133.03, "amount": 0.24, "side": "buy", "timestamp": 1764999467320}, {"id": "1007914910", "price": 133.02, "amount": 0.09, "side": "sell", "timestamp": 1764999467665}, {"id": "1007914911", "price": 133.02, "amount": 1.37, "side": "sell", "timestamp": 1764999467936}, {"id": "1007914912", "price": 133.02, "amount": 0.04, "side": "sell", "timestamp": 1764999468144}, {"id": "1007914913", "price": 133.03, "amount": 0.05, "side": "buy", "timestamp": 1764999468270}, {"id": "1007914914", "price": 133.02, "amount": 1.17, "side": "sell", "timestamp": 1764999468685}, {"id": "1007914915", "price": 133.03, "amount": 0.01, "side": "buy", "timestamp": 1764999468845}, {"id": "1007914916", "price": 133.03, "amount": 2.06, "side": "buy", "timestamp": 1764999469038}, {"id": "1007914917", "price": 133.02, "amount": 0.87, "side": "sell", "timestamp": 1764999469852}, {"id": "1007914918", "price": 133.02, "amount": 0.49, "side": "sell", "timestamp": 1764999470050}, {"id": "1007914919", "price": 133.03, "amount": 1.19, "side": "buy", "timestamp": 1764999470477}, {"id": "1007914947", "price": 133.05, "amount": 0.28, "side": "buy", "timestamp": 1764999490931}, {"id": "1007914948", "price": 133.05, "amount": 22.34, "side": "buy", "timestamp": 1764999491106}, {"id": "1007914949", "price": 133.06, "amount": 4.0, "side": "buy", "timestamp": 1764999491678}, {"id": "1007914950", "price": 133.05, "amount": 0.17, "side": "sell", "timestamp": 1764999492609}, {"id": "1007914951", "price": 133.06, "amount": 20.0, "side": "buy", "timestamp": 1764999493036}, {"id": "1007914952", "price": 133.06, "amount": 3.91, "side": "buy", "timestamp": 1764999493579}, {"id": "1007914953", "price": 133.06, "amount": 5.0, "side": "buy", "timestamp": 1764999493897}, {"id": "1007914954", "price": 133.06, "amount": 0.1, "side": "buy", "timestamp": 1764999495049}, {"id": "1007914955", "price": 133.06, "amount": 14.17, "side": "buy", "timestamp": 1764999495508}, {"id": "1007914956", "price": 133.07, "amount": 0.22, "side": "buy", "timestamp": 1764999495533}, {"id": "1007914957", "price": 133.07, "amount": 0.08, "side": "buy", "timestamp": 1764999495634}, {"id": "1007914958", "price": 133.07, "amount": 0.75, "side": "buy", "timestamp": 1764999496604}, {"id": "1007914959", "price": 133.06, "amount": 7.31, "side": "sell", "timestamp": 1764999496745}, {"id": "1007914960", "price": 133.06, "amount": 7.25, "side": "sell", "timestamp": 1764999497067}, {"id": "1007914961", "price": 133.07, "amount": 1.95, "side": "buy", "timestamp": 1764999497176}, {"id": "1007914962", "price": 133.07, "amount": 4.0, "side": "buy", "timestamp": 1764999497284}, {"id": "1007914963", "price": 133.07, "amount": 0.22, "side": "buy", "timestamp": 1764999497416}, {"id": "1007914964", "price": 133.07, "amount": 63.51, "side": "buy", "timestamp": 1764999499094}, {"id": "1007914965", "price": 133.06, "amount": 0.21, "side": "sell", "timestamp": 1764999499800}, {"id": "1007914966", "price": 133.06, "amount": 0.09, "side": "sell", "timestamp": 1764999503663}, {"id": "1007914967", "price": 133.07, "amount": 4.11, "side": "buy", "timestamp": 1764999504043}, {"id": "1007914968", "price": 133.07, "amount": 0.19, "side": "buy", "timestamp": 1764999504359}, {"id": "1007914969", "price": 133.07, "amount": 0.64, "side": "buy", "timestamp": 1764999504547}, {"id": "1007914970", "price": 133.07, "amount": 4.68, "side": "buy", "timestamp": 1764999505238}, {"id": "1007914971", "price": 133.06, "amount": 0.05, "side": "sell", "timestamp": 1764999506156}, {"id": "1007914972", "price": 133.06, "amount": 5.98, "side": "sell", "timestamp": 1764999506402}, {"id": "1007914973", "price": 133.07, "amount": 0.71, "side": "buy", "timestamp": 1764999507689}, {"id": "1007914974", "price": 133.07, "amount": 0.75, "side": "buy", "timestamp": 1764999508814}, {"id": "1007914975", "price": 133.07, "amount": 3.0, "side": "buy", "timestamp": 1764999509625}, {"id": "1007914976", "price": 133.06, "amount": 0.71, "side": "sell", "timestamp": 1764999509758}, {"id": "1007914977", "price": 133.06, "amount": 0.15, "side": "sell", "timestamp": 1764999510499}, {"id": "1007914978", "price": 133.07, "amount": 0.16, "side": "buy", "timestamp": 1764999514123}, {"id": "1007914979", "price": 133.06, "amount": 0.13, "side": "sell", "timestamp": 1764999514177}, {"id": "1007914980", "price": 133.07, "amount": 0.05, "side": "buy", "timestamp": 1764999514190}, {"id": "1007914981", "price": 133.07, "amount": 0.04, "side": "buy", "timestamp": 1764999514802}, {"id": "1007914982", "price": 133.06, "amount": 0.65, "side": "sell", "timestamp": 1764999514813}, {"id": "1007914983", "price": 133.07, "amount": 4.75, "side": "buy", "timestamp": 1764999516378}, {"id": "1007914984", "price": 133.07, "amount": 0.08, "side": "buy", "timestamp": 1764999516609}, {"id": "1007914985", "price": 133.06, "amount": 0.07, "side": "sell", "timestamp": 1764999517603}, {"id": "1007914986", "price": 133.06, "amount": 8.15, "side": "sell", "timestamp": 1764999518301}, {"id": "1007914987", "price": 133.06, "amount": 18.5, "side": "sell", "timestamp": 1764999519007}, {"id": "1007914988", "price": 133.06, "amount": 0.19, "side": "sell", "timestamp": 1764999519293}, {"id": "1007914989", "price": 133.07, "amount": 51.25, "side": "buy", "timestamp": 1764999519928}, {"id": "1007914990", "price": 133.06, "amount": 0.68, "side": "sell", "timestamp": 1764999519956}, {"id": "1007914991", "price": 133.07, "amount": 9.69, "side": "buy", "timestamp": 1764999520115}, {"id": "1007914992", "price": 133.07, "amount": 0.06, "side": "buy", "timestamp": 1764999520650}, {"id": "1007914993", "price": 133.07, "amount": 0.04, "side": "buy", "timestamp": 1764999521265}, {"id": "1007914994", "price": 133.06, "amount": 0.04, "side": "sell", "timestamp": 1764999521636}, {"id": "1007914995", "price": 133.07, "amount": 25.0, "side": "buy", "timestamp": 1764999521703}, {"id": "1007914996", "price": 133.07, "amount": 0.04, "side": "buy", "timestamp": 1764999522106}]