[{"symbol": "DOGEUSDT", "bids": [[0.13951, 176741.0], [0.1395, 468044.0], [0.13949, 513963.0], [0.13948, 515769.0], [0.13947, 640440.0], [0.13946, 309353.0], [0.13945, 584857.0], [0.13944, 1191794.0], [0.13943, 485914.0], [0.13942, 622410.0], [0.13941, 434667.0], [0.1394, 298388.0], [0.13939, 421271.0], [0.13938, 474598.0], [0.13937, 447952.0], [0.13936, 770046.0], [0.13935, 673136.0], [0.13934, 834057.0], [0.13933, 538016.0], [0.13932, 731495.0]], "asks": [[0.13952, 22185.0], [0.13953, 163829.0], [0.13954, 341536.0], [0.13955, 676422.0], [0.13956, 733057.0], [0.13957, 550264.0], [0.13958, 648905.0], [0.13959, 614710.0], [0.1396, 1292960.0], [0.13961, 471446.0], [0.13962, 204944.0], [0.13963, 313381.0], [0.13964, 591995.0], [0.13965, 364306.0], [0.13966, 801877.0], [0.13967, 634730.0], [0.13968, 1133093.0], [0.13969, 413884.0], [0.1397, 265745.0], [0.13971, 393467.0]], "timestamp": "2025-12-06T04:50:55.872091+00:00"}, {"symbol": "DOGEUSDT", "bids": [[0.13945, 343961.0], [0.13944, 443769.0], [0.13943, 385366.0], [0.13942, 954446.0], [0.13941, 570426.0], [0.1394, 545565.0], [0.13939, 568741.0], [0.13938, 1172438.0], [0.13937, 455611.0], [0.13936, 555093.0], [0.13935, 439802.0], [0.13934, 310079.0], [0.13933, 530310.0], [0.13932, 620618.0], [0.13931, 591138.0], [0.1393, 940192.0], [0.13929, 713034.0], [0.13928, 603702.0], [0.13927, 1247351.0], [0.13926, 282289.0]], "asks": [[0.13946, 25677.0], [0.13947, 151503.0], [0.13948, 331034.0], [0.13949, 407639.0], [0.1395, 826054.0], [0.13951, 816817.0], [0.13952, 826175.0], [0.13953, 496356.0], [0.13954, 438829.0], [0.13955, 1562692.0], [0.13956, 422107.0], [0.13957, 172715.0], [0.13958, 446106.0], [0.13959, 360333.0], [0.1396, 607045.0], [0.13961, 598622.0], [0.13962, 743854.0], [0.13963, 283848.0], [0.13964, 578617.0], [0.13965, 294174.0]], "timestamp": "2025-12-06T04:51:37.051541+00:00"}, {"symbol": "DOGEUSDT", "bids": [[0.13945, 236577.0], [0.13944, 258273.0], [0.13943, 485377.0], [0.13942, 605047.0], [0.13941, 359237.0], [0.1394, 353728.0], [0.13939, 533957.0], [0.13938, 1137856.0], [0.13937, 246288.0], [0.13936, 426760.0], [0.13935, 309042.0], [0.13934, 325524.0], [0.13933, 591279.0], [0.13932, 507208.0], [0.13931, 472604.0], [0.1393, 705558.0], [0.13929, 1011330.0], [0.13928, 521212.0], [0.13927, 674013.0], [0.13926, 272637.0]], "asks": [[0.13946, 118330.0], [0.13947, 216211.0], [0.13948, 463667.0], [0.13949, 458510.0], [0.1395, 784763.0], [0.13951, 771192.0], [0.13952, 838287.0], [0.13953, 352675.0], [0.13954, 434574.0], [0.13955, 1436956.0], [0.13956, 444655.0], [0.13957, 204165.0], [0.13958, 449902.0], [0.13959, 403239.0], [0.1396, 721702.0], [0.13961, 750331.0], [0.13962, 470519.0], [0.13963, 293317.0], [0.13964, 990529.0], [0.13965, 260035.0]], "timestamp": "2025-12-06T04:52:28.143889+00:00"}, {"symbol": "DOGEUSDT", "bids": [[0.13951, 144389.0], [0.1395, 125196.0], [0.13949, 140538.0], [0.13948, 495490.0], [0.13947, 562016.0], [0.13946, 589875.0], [0.13945, 686478.0], [0.13944, 1220756.0], [0.13943, 668148.0], [0.13942, 570094.0], [0.13941, 276812.0], [0.1394, 274169.0], [0.13939, 409358.0], [0.13938, 440792.0], [0.13937, 652283.0], [0.13936, 618314.0], [0.13935, 789080.0], [0.13934, 998908.0], [0.13933, 664281.0], [0.13932, 774414.0]], "asks": [[0.13952, 185631.0], [0.13953, 223303.0], [0.13954, 371599.0], [0.13955, 694890.0], [0.13956, 715655.0], [0.13957, 627881.0], [0.13958, 508001.0], [0.13959, 593734.0], [0.1396, 1431562.0], [0.13961, 478295.0], [0.13962, 245314.0], [0.13963, 340654.0], [0.13964, 602905.0], [0.13965, 469007.0], [0.13966, 471472.0], [0.13967, 733620.0], [0.13968, 1125931.0], [0.13969, 311003.0], [0.1397, 316363.0], [0.13971, 905452.0]], "timestamp": "2025-12-06T04:53:19.567514+00:00"}, {"symbol": "DOGEUSDT", "bids": [[0.1395, 123454.0], [0.13949, 285729.0], [0.13948, 248754.0], [0.13947, 446716.0], [0.13946, 582160.0], [0.13945, 477913.0], [0.13944, 689931.0], [0.13943, 1413967.0], [0.13942, 509787.0], [0.13941, 240776.0], [0.1394, 345860.0], [0.13939, 399653.0], [0.13938, 509634.0], [0.13937, 559258.0], [0.13936, 728903.0], [0.13935, 866934.0], [0.13934, 925594.0], [0.13933, 714161.0], [0.13932, 764246.0], [0.13931, 272474.0]], "asks": [[0.13951, 96413.0], [0.13952, 154459.0], [0.13953, 355760.0], [0.13954, 591302.0], [0.13955, 1029044.0], [0.13956, 791237.0], [0.13957, 341050.0], [0.13958, 471257.0], [0.13959, 1146355.0], [0.1396, 565648.0], [0.13961, 442884.0], [0.13962, 231380.0], [0.13963, 338186.0], [0.13964, 597825.0], [0.13965, 457927.0], [0.13966, 622030.0], [0.13967, 639944.0], [0.13968, 1125475.0], [0.13969, 310917.0], [0.1397, 270595.0]], "timestamp": "2025-12-06T04:54:10.497199+00:00"}, {"symbol": "DOGEUSDT", "bids": [[0.13951, 148784.0], [0.1395, 314237.0], [0.13949, 628983.0], [0.13948, 308889.0], [0.13947, 334296.0], [0.13946, 533248.0], [0.13945, 594307.0], [0.13944, 1335109.0], [0.13943, 667426.0], [0.13942, 792710.0], [0.13941, 243113.0], [0.1394, 268248.0], [0.13939, 546417.0], [0.13938, 484098.0], [0.13937, 771196.0], [0.13936, 648462.0], [0.13935, 714076.0], [0.13934, 884500.0], [0.13933, 504018.0], [0.13932, 949162.0]], "asks": [[0.13952, 85774.0], [0.13953, 219234.0], [0.13954, 304189.0], [0.13955, 658345.0], [0.13956, 718635.0], [0.13957, 491377.0], [0.13958, 612824.0], [0.13959, 643713.0], [0.1396, 1278759.0], [0.13961, 508635.0], [0.13962, 197185.0], [0.13963, 270137.0], [0.13964, 598140.0], [0.13965, 531328.0], [0.13966, 542909.0], [0.13967, 728014.0], [0.13968, 1119446.0], [0.13969, 317040.0], [0.1397, 403883.0], [0.13971, 1403332.0]], "timestamp": "2025-12-06T04:55:02.183988+00:00"}, {"symbol": "DOGEUSDT", "bids": [[0.13948, 22223.0], [0.13947, 257190.0], [0.13946, 455053.0], [0.13945, 560809.0], [0.13944, 346873.0], [0.13943, 405384.0], [0.13942, 636665.0], [0.13941, 1100559.0], [0.1394, 343646.0], [0.13939, 361088.0], [0.13938, 340259.0], [0.13937, 523096.0], [0.13936, 480927.0], [0.13935, 696171.0], [0.13934, 569326.0], [0.13933, 912139.0], [0.13932, 938197.0], [0.13931, 237868.0], [0.1393, 410518.0], [0.13929, 628163.0]], "asks": [[0.13949, 449873.0], [0.1395, 486357.0], [0.13951, 663000.0], [0.13952, 1038796.0], [0.13953, 1196062.0], [0.13954, 973982.0], [0.13955, 1073024.0], [0.13956, 855388.0], [0.13957, 1289868.0], [0.13958, 553423.0], [0.13959, 367425.0], [0.1396, 622435.0], [0.13961, 511039.0], [0.13962, 164288.0], [0.13963, 302707.0], [0.13964, 597499.0], [0.13965, 555338.0], [0.13966, 461903.0], [0.13967, 498138.0], [0.13968, 490630.0]], "timestamp": "2025-12-06T04:55:53.474324+00:00"}, {"symbol": "DOGEUSDT", "bids": [[0.13952, 320737.0], [0.13951, 388492.0], [0.1395, 548359.0], [0.13949, 777023.0], [0.13948, 980332.0], [0.13947, 583205.0], [0.13946, 573815.0], [0.13945, 1268217.0], [0.13944, 514015.0], [0.13943, 632701.0], [0.13942, 696312.0], [0.13941, 474540.0], [0.1394, 358882.0], [0.13939, 631136.0], [0.13938, 577841.0], [0.13937, 1246409.0], [0.13936, 404276.0], [0.13935, 333737.0], [0.13934, 336940.0], [0.13933, 437994.0]], "asks": [[0.13953, 10570.0], [0.13954, 83430.0], [0.13955, 251237.0], [0.13956, 465782.0], [0.13957, 504845.0], [0.13958, 576387.0], [0.13959, 560695.0], [0.1396, 585492.0], [0.13961, 515688.0], [0.13962, 256576.0], [0.13963, 401131.0], [0.13964, 619091.0], [0.13965, 238783.0], [0.13966, 308739.0], [0.13967, 352252.0], [0.13968, 660083.0], [0.13969, 566509.0], [0.1397, 304554.0], [0.13971, 540685.0], [0.13972, 1054301.0]], "timestamp": "2025-12-06T04:56:44.544693+00:00"}, {"symbol": "DOGEUSDT", "bids": [[0.13947, 36982.0], [0.13946, 499284.0], [0.13945, 416467.0], [0.13944, 456930.0], [0.13943, 706203.0], [0.13942, 602925.0], [0.13941, 1122143.0], [0.1394, 465381.0], [0.13939, 522663.0], [0.13938, 450700.0], [0.13937, 703692.0], [0.13936, 481984.0], [0.13935, 507851.0], [0.13934, 650761.0], [0.13933, 891433.0], [0.13932, 1022051.0], [0.13931, 284186.0], [0.1393, 386140.0], [0.13929, 641430.0], [0.13928, 1186057.0]], "asks": [[0.13948, 172891.0], [0.13949, 251437.0], [0.1395, 426943.0], [0.13951, 503011.0], [0.13952, 1305971.0], [0.13953, 808409.0], [0.13954, 740312.0], [0.13955, 865319.0], [0.13956, 446293.0], [0.13957, 1146435.0], [0.13958, 450701.0], [0.13959, 368550.0], [0.1396, 594886.0], [0.13961, 410394.0], [0.13962, 169702.0], [0.13963, 362958.0], [0.13964, 652258.0], [0.13965, 481250.0], [0.13966, 452230.0], [0.13967, 578583.0]], "timestamp": "2025-12-06T04:57:36.724087+00:00"}, {"symbol": "DOGEUSDT", "bids": [[0.13949, 308388.0], [0.13948, 345122.0], [0.13947, 422721.0], [0.13946, 530941.0], [0.13945, 883930.0], [0.13944, 728909.0], [0.13943, 586875.0], [0.13942, 1375662.0], [0.13941, 390263.0], [0.1394, 421628.0], [0.13939, 585594.0], [0.13938, 372161.0], [0.13937, 648599.0], [0.13936, 426615.0], [0.13935, 508109.0], [0.13934, 636075.0], [0.13933, 885108.0], [0.13932, 1015662.0], [0.13931, 228806.0], [0.1393, 361133.0]], "asks": [[0.1395, 139767.0], [0.13951, 100021.0], [0.13952, 498232.0], [0.13953, 437585.0], [0.13954, 695856.0], [0.13955, 888359.0], [0.13956, 555330.0], [0.13957, 295278.0], [0.13958, 506751.0], [0.13959, 1062996.0], [0.1396, 654260.0], [0.13961, 621038.0], [0.13962, 169362.0], [0.13963, 327156.0], [0.13964, 684056.0], [0.13965, 417578.0], [0.13966, 894459.0], [0.13967, 557917.0], [0.13968, 674522.0], [0.13969, 339079.0]], "timestamp": "2025-12-06T04:58:28.443299+00:00"}, {"symbol": "DOGEUSDT", "bids": [[0.13947, 434407.0], [0.13946, 386551.0], [0.13945, 299122.0], [0.13944, 340705.0], [0.13943, 572862.0], [0.13942, 691089.0], [0.13941, 1438716.0], [0.1394, 388658.0], [0.13939, 779343.0], [0.13938, 430560.0], [0.13937, 585742.0], [0.13936, 456380.0], [0.13935, 404023.0], [0.13934, 614995.0], [0.13933, 884866.0], [0.13932, 798839.0], [0.13931, 345255.0], [0.1393, 325868.0], [0.13929, 362527.0], [0.13928, 611021.0]], "asks": [[0.13948, 20530.0], [0.13949, 147067.0], [0.1395, 386057.0], [0.13951, 336991.0], [0.13952, 800228.0], [0.13953, 487458.0], [0.13954, 507909.0], [0.13955, 752645.0], [0.13956, 538923.0], [0.13957, 1125328.0], [0.13958, 459998.0], [0.13959, 443191.0], [0.1396, 640643.0], [0.13961, 664960.0], [0.13962, 505286.0], [0.13963, 248679.0], [0.13964, 591013.0], [0.13965, 290858.0], [0.13966, 485089.0], [0.13967, 661566.0]], "timestamp": "2025-12-06T04:59:19.728770+00:00"}, {"symbol": "DOGEUSDT", "bids": [[0.13952, 165530.0], [0.13951, 193017.0], [0.1395, 497767.0], [0.13949, 930062.0], [0.13948, 730589.0], [0.13947, 579823.0], [0.13946, 669537.0], [0.13945, 1578502.0], [0.13944, 457972.0], [0.13943, 448485.0], [0.13942, 502597.0], [0.13941, 317716.0], [0.1394, 467669.0], [0.13939, 872812.0], [0.13938, 455717.0], [0.13937, 1171254.0], [0.13936, 517460.0], [0.13935, 345890.0], [0.13934, 346583.0], [0.13933, 406863.0]], "asks": [[0.13953, 217278.0], [0.13954, 245731.0], [0.13955, 399834.0], [0.13956, 366581.0], [0.13957, 579450.0], [0.13958, 670951.0], [0.13959, 534940.0], [0.1396, 790680.0], [0.13961, 1103317.0], [0.13962, 252785.0], [0.13963, 319214.0], [0.13964, 658850.0], [0.13965, 281495.0], [0.13966, 344447.0], [0.13967, 549409.0], [0.13968, 478938.0], [0.13969, 467793.0], [0.1397, 514030.0], [0.13971, 458611.0], [0.13972, 698686.0]], "timestamp": "2025-12-06T05:00:11.038370+00:00"}, {"symbol": "DOGEUSDT", "bids": [[0.13954, 518782.0], [0.13953, 881199.0], [0.13952, 832867.0], [0.13951, 767158.0], [0.1395, 871422.0], [0.13949, 880056.0], [0.13948, 796184.0], [0.13947, 1763327.0], [0.13946, 553212.0], [0.13945, 642716.0], [0.13944, 581241.0], [0.13943, 554819.0], [0.13942, 514607.0], [0.13941, 356912.0], [0.1394, 309361.0], [0.13939, 784162.0], [0.13938, 638893.0], [0.13937, 1153176.0], [0.13936, 495292.0], [0.13935, 361794.0]], "asks": [[0.13955, 58797.0], [0.13956, 61390.0], [0.13957, 191297.0], [0.13958, 286873.0], [0.13959, 495024.0], [0.1396, 972662.0], [0.13961, 734281.0], [0.13962, 328354.0], [0.13963, 436751.0], [0.13964, 1392011.0], [0.13965, 263049.0], [0.13966, 276878.0], [0.13967, 274278.0], [0.13968, 517197.0], [0.13969, 509791.0], [0.1397, 523183.0], [0.13971, 466578.0], [0.13972, 701074.0], [0.13973, 318128.0], [0.13974, 1265385.0]], "timestamp": "2025-12-06T05:01:02.414148+00:00"}, {"symbol": "DOGEUSDT", "bids": [[0.13961, 58505.0], [0.1396, 218000.0], [0.13959, 296819.0], [0.13958, 580871.0], [0.13957, 743018.0], [0.13956, 653501.0], [0.13955, 596084.0], [0.13954, 1474688.0], [0.13953, 450772.0], [0.13952, 403092.0], [0.13951, 583094.0], [0.1395, 395398.0], [0.13949, 682948.0], [0.13948, 817488.0], [0.13947, 1632866.0], [0.13946, 261148.0], [0.13945, 371191.0], [0.13944, 451685.0], [0.13943, 498099.0], [0.13942, 651339.0]], "asks": [[0.13962, 346963.0], [0.13963, 348462.0], [0.13964, 449935.0], [0.13965, 501284.0], [0.13966, 587933.0], [0.13967, 433029.0], [0.13968, 631694.0], [0.13969, 558141.0], [0.1397, 393452.0], [0.13971, 1047217.0], [0.13972, 596951.0], [0.13973, 265324.0], [0.13974, 275630.0], [0.13975, 391452.0], [0.13976, 420402.0], [0.13977, 331549.0], [0.13978, 433666.0], [0.13979, 552473.0], [0.1398, 799997.0], [0.13981, 301533.0]], "timestamp": "2025-12-06T05:01:53.741973+00:00"}, {"symbol": "DOGEUSDT", "bids": [[0.13961, 226642.0], [0.1396, 220065.0], [0.13959, 354909.0], [0.13958, 347063.0], [0.13957, 853720.0], [0.13956, 733176.0], [0.13955, 613864.0], [0.13954, 1526506.0], [0.13953, 526953.0], [0.13952, 402773.0], [0.13951, 670137.0], [0.1395, 405928.0], [0.13949, 667829.0], [0.13948, 642525.0], [0.13947, 1558863.0], [0.13946, 261262.0], [0.13945, 375733.0], [0.13944, 458793.0], [0.13943, 506505.0], [0.13942, 650485.0]], "asks": [[0.13962, 268863.0], [0.13963, 309220.0], [0.13964, 390077.0], [0.13965, 441589.0], [0.13966, 657245.0], [0.13967, 663040.0], [0.13968, 597127.0], [0.13969, 549619.0], [0.1397, 1115899.0], [0.13971, 380438.0], [0.13972, 512441.0], [0.13973, 284403.0], [0.13974, 316258.0], [0.13975, 387756.0], [0.13976, 422699.0], [0.13977, 319858.0], [0.13978, 445550.0], [0.13979, 558693.0], [0.1398, 799997.0], [0.13981, 301490.0]], "timestamp": "2025-12-06T05:02:44.964625+00:00"}, {"symbol": "DOGEUSDT", "bids": [[0.13958, 206716.0], [0.13957, 290019.0], [0.13956, 408217.0], [0.13955, 496917.0], [0.13954, 642362.0], [0.13953, 521537.0], [0.13952, 1227056.0], [0.13951, 458214.0], [0.1395, 395957.0], [0.13949, 577646.0], [0.13948, 548872.0], [0.13947, 686210.0], [0.13946, 344709.0], [0.13945, 605977.0], [0.13944, 529490.0], [0.13943, 1032052.0], [0.13942, 634874.0], [0.13941, 429266.0], [0.1394, 757425.0], [0.13939, 680935.0]], "asks": [[0.13959, 66225.0], [0.1396, 237452.0], [0.13961, 344514.0], [0.13962, 658703.0], [0.13963, 890778.0], [0.13964, 1021737.0], [0.13965, 531472.0], [0.13966, 544506.0], [0.13967, 1118659.0], [0.13968, 516583.0], [0.13969, 324483.0], [0.1397, 349208.0], [0.13971, 365905.0], [0.13972, 479114.0], [0.13973, 258314.0], [0.13974, 393765.0], [0.13975, 955938.0], [0.13976, 548803.0], [0.13977, 203230.0], [0.13978, 374914.0]], "timestamp": "2025-12-06T05:03:36.372233+00:00"}, {"symbol": "DOGEUSDT", "bids": [[0.13959, 372255.0], [0.13958, 552995.0], [0.13957, 738339.0], [0.13956, 428388.0], [0.13955, 540958.0], [0.13954, 624067.0], [0.13953, 608316.0], [0.13952, 1075351.0], [0.13951, 359201.0], [0.1395, 409428.0], [0.13949, 623917.0], [0.13948, 574012.0], [0.13947, 674343.0], [0.13946, 363488.0], [0.13945, 468198.0], [0.13944, 529404.0], [0.13943, 1017972.0], [0.13942, 595518.0], [0.13941, 346961.0], [0.1394, 263545.0]], "asks": [[0.1396, 14992.0], [0.13961, 145671.0], [0.13962, 328011.0], [0.13963, 415763.0], [0.13964, 741115.0], [0.13965, 668857.0], [0.13966, 733171.0], [0.13967, 556805.0], [0.13968, 1268205.0], [0.13969, 327492.0], [0.1397, 354654.0], [0.13971, 443584.0], [0.13972, 478020.0], [0.13973, 269020.0], [0.13974, 317013.0], [0.13975, 953399.0], [0.13976, 531036.0], [0.13977, 205420.0], [0.13978, 374708.0], [0.13979, 387778.0]], "timestamp": "2025-12-06T05:04:27.722730+00:00"}, {"symbol": "DOGEUSDT", "bids": [[0.13959, 603815.0], [0.13958, 448232.0], [0.13957, 397045.0], [0.13956, 330341.0], [0.13955, 672121.0], [0.13954, 765007.0], [0.13953, 929517.0], [0.13952, 958294.0], [0.13951, 296201.0], [0.1395, 353173.0], [0.13949, 495188.0], [0.13948, 383654.0], [0.13947, 639506.0], [0.13946, 276726.0], [0.13945, 590266.0], [0.13944, 619203.0], [0.13943, 1014929.0], [0.13942, 526096.0], [0.13941, 305931.0], [0.1394, 278329.0]], "asks": [[0.1396, 29872.0], [0.13961, 256809.0], [0.13962, 434432.0], [0.13963, 640383.0], [0.13964, 886962.0], [0.13965, 482015.0], [0.13966, 699026.0], [0.13967, 523438.0], [0.13968, 500025.0], [0.13969, 1049532.0], [0.1397, 348474.0], [0.13971, 408557.0], [0.13972, 463114.0], [0.13973, 272372.0], [0.13974, 400235.0], [0.13975, 940672.0], [0.13976, 531925.0], [0.13977, 208825.0], [0.13978, 402689.0], [0.13979, 353858.0]], "timestamp": "2025-12-06T05:05:19.153048+00:00"}, {"symbol": "DOGEUSDT", "bids": [[0.13961, 129775.0], [0.1396, 373652.0], [0.13959, 333504.0], [0.13958, 532466.0], [0.13957, 1006645.0], [0.13956, 415101.0], [0.13955, 1125164.0], [0.13954, 538020.0], [0.13953, 500207.0], [0.13952, 240336.0], [0.13951, 379951.0], [0.1395, 392171.0], [0.13949, 590380.0], [0.13948, 461382.0], [0.13947, 705445.0], [0.13946, 310738.0], [0.13945, 496732.0], [0.13944, 815126.0], [0.13943, 969831.0], [0.13942, 534427.0]], "asks": [[0.13962, 164652.0], [0.13963, 147298.0], [0.13964, 400015.0], [0.13965, 378397.0], [0.13966, 769902.0], [0.13967, 719638.0], [0.13968, 549097.0], [0.13969, 575229.0], [0.1397, 1071508.0], [0.13971, 346993.0], [0.13972, 469581.0], [0.13973, 329670.0], [0.13974, 361923.0], [0.13975, 595494.0], [0.13976, 543416.0], [0.13977, 326768.0], [0.13978, 361936.0], [0.13979, 343146.0], [0.1398, 775350.0], [0.13981, 176577.0]], "timestamp": "2025-12-06T05:06:10.357318+00:00"}, {"symbol": "DOGEUSDT", "bids": [[0.13957, 181042.0], [0.13956, 246745.0], [0.13955, 381573.0], [0.13954, 488390.0], [0.13953, 609983.0], [0.13952, 472261.0], [0.13951, 532583.0], [0.1395, 1056509.0], [0.13949, 601088.0], [0.13948, 383320.0], [0.13947, 552559.0], [0.13946, 309165.0], [0.13945, 615226.0], [0.13944, 781536.0], [0.13943, 1211678.0], [0.13942, 526620.0], [0.13941, 269006.0], [0.1394, 283837.0], [0.13939, 535231.0], [0.13938, 950492.0]], "asks": [[0.13958, 87779.0], [0.13959, 80903.0], [0.1396, 280234.0], [0.13961, 737722.0], [0.13962, 618670.0], [0.13963, 810215.0], [0.13964, 608323.0], [0.13965, 444636.0], [0.13966, 539678.0], [0.13967, 1130417.0], [0.13968, 470682.0], [0.13969, 355936.0], [0.1397, 338651.0], [0.13971, 401033.0], [0.13972, 510832.0], [0.13973, 313846.0], [0.13974, 372072.0], [0.13975, 863388.0], [0.13976, 529080.0], [0.13977, 203916.0]], "timestamp": "2025-12-06T05:07:01.857132+00:00"}, {"symbol": "DOGEUSDT", "bids": [[0.13957, 298786.0], [0.13956, 171605.0], [0.13955, 415053.0], [0.13954, 536268.0], [0.13953, 680510.0], [0.13952, 453928.0], [0.13951, 512386.0], [0.1395, 1148348.0], [0.13949, 620044.0], [0.13948, 377682.0], [0.13947, 542089.0], [0.13946, 323968.0], [0.13945, 509658.0], [0.13944, 777227.0], [0.13943, 1215320.0], [0.13942, 531025.0], [0.13941, 269006.0], [0.1394, 283837.0], [0.13939, 526682.0], [0.13938, 946721.0]], "asks": [[0.13958, 60545.0], [0.13959, 119385.0], [0.1396, 320239.0], [0.13961, 624807.0], [0.13962, 650319.0], [0.13963, 831925.0], [0.13964, 611224.0], [0.13965, 451731.0], [0.13966, 523990.0], [0.13967, 1071864.0], [0.13968, 470719.0], [0.13969, 408180.0], [0.1397, 272969.0], [0.13971, 341668.0], [0.13972, 491227.0], [0.13973, 348167.0], [0.13974, 410171.0], [0.13975, 863425.0], [0.13976, 531910.0], [0.13977, 211163.0]], "timestamp": "2025-12-06T05:07:53.138236+00:00"}, {"symbol": "DOGEUSDT", "bids": [[0.13961, 56877.0], [0.1396, 305109.0], [0.13959, 340718.0], [0.13958, 337251.0], [0.13957, 729493.0], [0.13956, 416871.0], [0.13955, 523513.0], [0.13954, 642639.0], [0.13953, 1234676.0], [0.13952, 254717.0], [0.13951, 312560.0], [0.1395, 391347.0], [0.13949, 508884.0], [0.13948, 513924.0], [0.13947, 971750.0], [0.13946, 348819.0], [0.13945, 482280.0], [0.13944, 705692.0], [0.13943, 924825.0], [0.13942, 599264.0]], "asks": [[0.13962, 293874.0], [0.13963, 329183.0], [0.13964, 426024.0], [0.13965, 531298.0], [0.13966, 862352.0], [0.13967, 451106.0], [0.13968, 623439.0], [0.13969, 1060542.0], [0.1397, 301617.0], [0.13971, 473441.0], [0.13972, 532132.0], [0.13973, 260323.0], [0.13974, 317291.0], [0.13975, 589892.0], [0.13976, 538279.0], [0.13977, 336264.0], [0.13978, 357257.0], [0.13979, 377173.0], [0.1398, 786107.0], [0.13981, 238873.0]], "timestamp": "2025-12-06T05:08:44.310266+00:00"}, {"symbol": "DOGEUSDT", "bids": [[0.13966, 26303.0], [0.13965, 222747.0], [0.13964, 922810.0], [0.13963, 849934.0], [0.13962, 1254233.0], [0.13961, 667726.0], [0.1396, 608777.0], [0.13959, 424688.0], [0.13958, 1214013.0], [0.13957, 286917.0], [0.13956, 345867.0], [0.13955, 492947.0], [0.13954, 496541.0], [0.13953, 953936.0], [0.13952, 875526.0], [0.13951, 483792.0], [0.1395, 552460.0], [0.13949, 477809.0], [0.13948, 514757.0], [0.13947, 979172.0]], "asks": [[0.13967, 536582.0], [0.13968, 638321.0], [0.13969, 557355.0], [0.1397, 663243.0], [0.13971, 656095.0], [0.13972, 751822.0], [0.13973, 342949.0], [0.13974, 376975.0], [0.13975, 1027448.0], [0.13976, 496970.0], [0.13977, 244596.0], [0.13978, 380983.0], [0.13979, 412649.0], [0.1398, 453138.0], [0.13981, 168357.0], [0.13982, 359690.0], [0.13983, 685869.0], [0.13984, 526103.0], [0.13985, 476878.0], [0.13986, 493658.0]], "timestamp": "2025-12-06T05:09:35.720255+00:00"}, {"symbol": "DOGEUSDT", "bids": [[0.13973, 647018.0], [0.13972, 633111.0], [0.13971, 659642.0], [0.1397, 705665.0], [0.13969, 704232.0], [0.13968, 1251191.0], [0.13967, 882422.0], [0.13966, 1422870.0], [0.13965, 503121.0], [0.13964, 686580.0], [0.13963, 300570.0], [0.13962, 481131.0], [0.13961, 231906.0], [0.1396, 690261.0], [0.13959, 759325.0], [0.13958, 366516.0], [0.13957, 985749.0], [0.13956, 724400.0], [0.13955, 213537.0], [0.13954, 363856.0]], "asks": [[0.13974, 53068.0], [0.13975, 143306.0], [0.13976, 215294.0], [0.13977, 228265.0], [0.13978, 693701.0], [0.13979, 688553.0], [0.1398, 578067.0], [0.13981, 491189.0], [0.13982, 1007078.0], [0.13983, 364154.0], [0.13984, 544851.0], [0.13985, 237660.0], [0.13986, 305696.0], [0.13987, 626596.0], [0.13988, 542553.0], [0.13989, 479144.0], [0.1399, 1087576.0], [0.13991, 493870.0], [0.13992, 1329396.0], [0.13993, 839670.0]], "timestamp": "2025-12-06T05:10:27.002980+00:00"}, {"symbol": "DOGEUSDT", "bids": [[0.13978, 531531.0], [0.13977, 278700.0], [0.13976, 409652.0], [0.13975, 570577.0], [0.13974, 754244.0], [0.13973, 1125973.0], [0.13972, 671315.0], [0.13971, 1359242.0], [0.1397, 645713.0], [0.13969, 421650.0], [0.13968, 451925.0], [0.13967, 189929.0], [0.13966, 259503.0], [0.13965, 535501.0], [0.13964, 717441.0], [0.13963, 638433.0], [0.13962, 714734.0], [0.13961, 709762.0], [0.1396, 852331.0], [0.13959, 764489.0]], "asks": [[0.13979, 66507.0], [0.1398, 185220.0], [0.13981, 186348.0], [0.13982, 386748.0], [0.13983, 729666.0], [0.13984, 861873.0], [0.13985, 492788.0], [0.13986, 517823.0], [0.13987, 1197959.0], [0.13988, 634246.0], [0.13989, 486532.0], [0.1399, 810376.0], [0.13991, 261468.0], [0.13992, 479842.0], [0.13993, 408896.0], [0.13994, 587918.0], [0.13995, 416784.0], [0.13996, 333979.0], [0.13997, 580093.0], [0.13998, 1466318.0]], "timestamp": "2025-12-06T05:11:18.643698+00:00"}, {"symbol": "DOGEUSDT", "bids": [[0.13975, 290057.0], [0.13974, 303203.0], [0.13973, 869314.0], [0.13972, 638384.0], [0.13971, 848978.0], [0.1397, 916752.0], [0.13969, 1355296.0], [0.13968, 447532.0], [0.13967, 274824.0], [0.13966, 240160.0], [0.13965, 521238.0], [0.13964, 713135.0], [0.13963, 452862.0], [0.13962, 545479.0], [0.13961, 758626.0], [0.1396, 593597.0], [0.13959, 897055.0], [0.13958, 416354.0], [0.13957, 650994.0], [0.13956, 632195.0]], "asks": [[0.13976, 85954.0], [0.13977, 151414.0], [0.13978, 470167.0], [0.13979, 431546.0], [0.1398, 842124.0], [0.13981, 716749.0], [0.13982, 514873.0], [0.13983, 774308.0], [0.13984, 1528387.0], [0.13985, 245503.0], [0.13986, 362321.0], [0.13987, 393189.0], [0.13988, 493953.0], [0.13989, 463884.0], [0.1399, 855065.0], [0.13991, 586333.0], [0.13992, 462849.0], [0.13993, 275237.0], [0.13994, 525385.0], [0.13995, 191662.0]], "timestamp": "2025-12-06T05:12:10.597739+00:00"}, {"symbol": "DOGEUSDT", "bids": [[0.13976, 162067.0], [0.13975, 496173.0], [0.13974, 354173.0], [0.13973, 1017052.0], [0.13972, 610275.0], [0.13971, 653025.0], [0.1397, 983295.0], [0.13969, 1307451.0], [0.13968, 501520.0], [0.13967, 197038.0], [0.13966, 234300.0], [0.13965, 602025.0], [0.13964, 689480.0], [0.13963, 467355.0], [0.13962, 561633.0], [0.13961, 745060.0], [0.1396, 666775.0], [0.13959, 735257.0], [0.13958, 403705.0], [0.13957, 644177.0]], "asks": [[0.13977, 106003.0], [0.13978, 192973.0], [0.13979, 321300.0], [0.1398, 406789.0], [0.13981, 782999.0], [0.13982, 503619.0], [0.13983, 691614.0], [0.13984, 813263.0], [0.13985, 964840.0], [0.13986, 357963.0], [0.13987, 452678.0], [0.13988, 505545.0], [0.13989, 424514.0], [0.1399, 826412.0], [0.13991, 610894.0], [0.13992, 463171.0], [0.13993, 279535.0], [0.13994, 530287.0], [0.13995, 188872.0], [0.13996, 416720.0]], "timestamp": "2025-12-06T05:13:02.315534+00:00"}, {"symbol": "DOGEUSDT", "bids": [[0.13979, 180801.0], [0.13978, 365082.0], [0.13977, 725285.0], [0.13976, 777155.0], [0.13975, 859286.0], [0.13974, 570275.0], [0.13973, 689769.0], [0.13972, 1329874.0], [0.13971, 448980.0], [0.1397, 298048.0], [0.13969, 424635.0], [0.13968, 396917.0], [0.13967, 443196.0], [0.13966, 675150.0], [0.13965, 610566.0], [0.13964, 691360.0], [0.13963, 306804.0], [0.13962, 635162.0], [0.13961, 334204.0], [0.1396, 634135.0]], "asks": [[0.1398, 68342.0], [0.13981, 128649.0], [0.13982, 177916.0], [0.13983, 332422.0], [0.13984, 824157.0], [0.13985, 546942.0], [0.13986, 707953.0], [0.13987, 673893.0], [0.13988, 1328087.0], [0.13989, 421439.0], [0.1399, 859458.0], [0.13991, 317404.0], [0.13992, 510412.0], [0.13993, 244801.0], [0.13994, 379240.0], [0.13995, 561194.0], [0.13996, 426388.0], [0.13997, 449522.0], [0.13998, 950555.0], [0.13999, 551680.0]], "timestamp": "2025-12-06T05:13:53.933178+00:00"}, {"symbol": "DOGEUSDT", "bids": [[0.13979, 106890.0], [0.13978, 246566.0], [0.13977, 701516.0], [0.13976, 744345.0], [0.13975, 733650.0], [0.13974, 599283.0], [0.13973, 794392.0], [0.13972, 1332021.0], [0.13971, 447028.0], [0.1397, 294107.0], [0.13969, 478661.0], [0.13968, 484678.0], [0.13967, 438892.0], [0.13966, 659362.0], [0.13965, 609045.0], [0.13964, 671836.0], [0.13963, 301009.0], [0.13962, 620783.0], [0.13961, 250604.0], [0.1396, 649644.0]], "asks": [[0.1398, 221112.0], [0.13981, 182763.0], [0.13982, 195794.0], [0.13983, 329413.0], [0.13984, 797051.0], [0.13985, 641479.0], [0.13986, 668105.0], [0.13987, 627207.0], [0.13988, 1364738.0], [0.13989, 409134.0], [0.1399, 925233.0], [0.13991, 273067.0], [0.13992, 448309.0], [0.13993, 241594.0], [0.13994, 364082.0], [0.13995, 551243.0], [0.13996, 410531.0], [0.13997, 454538.0], [0.13998, 950555.0], [0.13999, 552040.0]], "timestamp": "2025-12-06T05:14:45.733358+00:00"}, {"symbol": "DOGEUSDT", "bids": [[0.13979, 139095.0], [0.13978, 206829.0], [0.13977, 498094.0], [0.13976, 580030.0], [0.13975, 532771.0], [0.13974, 628032.0], [0.13973, 1049757.0], [0.13972, 680389.0], [0.13971, 1349595.0], [0.1397, 290792.0], [0.13969, 466740.0], [0.13968, 420966.0], [0.13967, 233440.0], [0.13966, 292508.0], [0.13965, 600322.0], [0.13964, 685981.0], [0.13963, 762984.0], [0.13962, 991936.0], [0.13961, 302362.0], [0.1396, 473807.0]], "asks": [[0.1398, 326880.0], [0.13981, 434975.0], [0.13982, 286140.0], [0.13983, 362555.0], [0.13984, 865016.0], [0.13985, 456475.0], [0.13986, 672971.0], [0.13987, 1254483.0], [0.13988, 538873.0], [0.13989, 519515.0], [0.1399, 813618.0], [0.13991, 342054.0], [0.13992, 479387.0], [0.13993, 481723.0], [0.13994, 340139.0], [0.13995, 570560.0], [0.13996, 409822.0], [0.13997, 442023.0], [0.13998, 961374.0], [0.13999, 568604.0]], "timestamp": "2025-12-06T05:15:37.363173+00:00"}, {"symbol": "DOGEUSDT", "bids": [[0.13974, 114740.0], [0.13973, 890616.0], [0.13972, 478247.0], [0.13971, 418208.0], [0.1397, 623619.0], [0.13969, 478144.0], [0.13968, 623251.0], [0.13967, 1123246.0], [0.13966, 279554.0], [0.13965, 495089.0], [0.13964, 712330.0], [0.13963, 645362.0], [0.13962, 759607.0], [0.13961, 382898.0], [0.1396, 594405.0], [0.13959, 535193.0], [0.13958, 504080.0], [0.13957, 1174311.0], [0.13956, 996711.0], [0.13955, 369952.0]], "asks": [[0.13975, 332797.0], [0.13976, 378119.0], [0.13977, 620640.0], [0.13978, 795924.0], [0.13979, 861904.0], [0.1398, 792149.0], [0.13981, 1080341.0], [0.13982, 621256.0], [0.13983, 625303.0], [0.13984, 1772277.0], [0.13985, 450084.0], [0.13986, 359687.0], [0.13987, 419123.0], [0.13988, 443404.0], [0.13989, 357448.0], [0.1399, 844488.0], [0.13991, 546847.0], [0.13992, 492976.0], [0.13993, 497631.0], [0.13994, 325439.0]], "timestamp": "2025-12-06T05:16:28.773531+00:00"}, {"symbol": "DOGEUSDT", "bids": [[0.1396, 12893.0], [0.13959, 66315.0], [0.13958, 202410.0], [0.13957, 679269.0], [0.13956, 414307.0], [0.13955, 500929.0], [0.13954, 553395.0], [0.13953, 612213.0], [0.13952, 1458282.0], [0.13951, 426733.0], [0.1395, 321940.0], [0.13949, 374488.0], [0.13948, 593425.0], [0.13947, 894329.0], [0.13946, 370756.0], [0.13945, 718174.0], [0.13944, 1119345.0], [0.13943, 882701.0], [0.13942, 674728.0], [0.13941, 528455.0]], "asks": [[0.13961, 721452.0], [0.13962, 766907.0], [0.13963, 880609.0], [0.13964, 1128758.0], [0.13965, 849063.0], [0.13966, 742233.0], [0.13967, 644894.0], [0.13968, 1639873.0], [0.13969, 639521.0], [0.1397, 512454.0], [0.13971, 308961.0], [0.13972, 564989.0], [0.13973, 313689.0], [0.13974, 314383.0], [0.13975, 528208.0], [0.13976, 856552.0], [0.13977, 224097.0], [0.13978, 622881.0], [0.13979, 329398.0], [0.1398, 496171.0]], "timestamp": "2025-12-06T05:17:20.249667+00:00"}, {"symbol": "DOGEUSDT", "bids": [[0.13949, 49899.0], [0.13948, 183562.0], [0.13947, 275788.0], [0.13946, 495157.0], [0.13945, 300645.0], [0.13944, 513434.0], [0.13943, 566412.0], [0.13942, 695475.0], [0.13941, 988471.0], [0.1394, 244239.0], [0.13939, 285293.0], [0.13938, 678342.0], [0.13937, 1025782.0], [0.13936, 297426.0], [0.13935, 441925.0], [0.13934, 737342.0], [0.13933, 1108971.0], [0.13932, 1245915.0], [0.13931, 633448.0], [0.1393, 2212802.0]], "asks": [[0.1395, 452331.0], [0.13951, 510555.0], [0.13952, 600045.0], [0.13953, 834133.0], [0.13954, 898519.0], [0.13955, 717255.0], [0.13956, 550257.0], [0.13957, 590843.0], [0.13958, 1561148.0], [0.13959, 702297.0], [0.1396, 693126.0], [0.13961, 236534.0], [0.13962, 346089.0], [0.13963, 385323.0], [0.13964, 540422.0], [0.13965, 402416.0], [0.13966, 415441.0], [0.13967, 515757.0], [0.13968, 771778.0], [0.13969, 361590.0]], "timestamp": "2025-12-06T05:18:11.518135+00:00"}, {"symbol": "DOGEUSDT", "bids": [[0.1396, 477301.0], [0.13959, 363105.0], [0.13958, 445340.0], [0.13957, 345529.0], [0.13956, 644501.0], [0.13955, 1186703.0], [0.13954, 993342.0], [0.13953, 1063849.0], [0.13952, 1282155.0], [0.13951, 582892.0], [0.1395, 324811.0], [0.13949, 380088.0], [0.13948, 536726.0], [0.13947, 394175.0], [0.13946, 163444.0], [0.13945, 443843.0], [0.13944, 876899.0], [0.13943, 317308.0], [0.13942, 520663.0], [0.13941, 983695.0]], "asks": [[0.13961, 13426.0], [0.13962, 122388.0], [0.13963, 293232.0], [0.13964, 303404.0], [0.13965, 488375.0], [0.13966, 517237.0], [0.13967, 322950.0], [0.13968, 754773.0], [0.13969, 1106569.0], [0.1397, 386265.0], [0.13971, 263594.0], [0.13972, 544956.0], [0.13973, 399149.0], [0.13974, 298996.0], [0.13975, 505336.0], [0.13976, 506468.0], [0.13977, 337298.0], [0.13978, 671681.0], [0.13979, 543513.0], [0.1398, 2411230.0]], "timestamp": "2025-12-06T05:19:03.149257+00:00"}, {"symbol": "DOGEUSDT", "bids": [[0.13964, 372683.0], [0.13963, 465940.0], [0.13962, 322474.0], [0.13961, 526813.0], [0.1396, 891289.0], [0.13959, 608700.0], [0.13958, 500168.0], [0.13957, 1403083.0], [0.13956, 314117.0], [0.13955, 679514.0], [0.13954, 560537.0], [0.13953, 306591.0], [0.13952, 315967.0], [0.13951, 414829.0], [0.1395, 281558.0], [0.13949, 630657.0], [0.13948, 539755.0], [0.13947, 281279.0], [0.13946, 378430.0], [0.13945, 753711.0]], "asks": [[0.13965, 100735.0], [0.13966, 78162.0], [0.13967, 399574.0], [0.13968, 526898.0], [0.13969, 517491.0], [0.1397, 582958.0], [0.13971, 402616.0], [0.13972, 559071.0], [0.13973, 928264.0], [0.13974, 370429.0], [0.13975, 437669.0], [0.13976, 465108.0], [0.13977, 522829.0], [0.13978, 390901.0], [0.13979, 612268.0], [0.1398, 1544332.0], [0.13981, 461445.0], [0.13982, 253964.0], [0.13983, 742566.0], [0.13984, 797599.0]], "timestamp": "2025-12-06T05:19:55.150459+00:00"}, {"symbol": "DOGEUSDT", "bids": [[0.13969, 89947.0], [0.13968, 216641.0], [0.13967, 645585.0], [0.13966, 598537.0], [0.13965, 674171.0], [0.13964, 461355.0], [0.13963, 555593.0], [0.13962, 1029785.0], [0.13961, 345226.0], [0.1396, 461329.0], [0.13959, 550734.0], [0.13958, 361268.0], [0.13957, 930393.0], [0.13956, 573251.0], [0.13955, 533149.0], [0.13954, 691495.0], [0.13953, 384367.0], [0.13952, 720948.0], [0.13951, 913226.0], [0.1395, 498911.0]], "asks": [[0.1397, 145445.0], [0.13971, 244277.0], [0.13972, 380383.0], [0.13973, 523742.0], [0.13974, 514576.0], [0.13975, 1164897.0], [0.13976, 767386.0], [0.13977, 256023.0], [0.13978, 1085357.0], [0.13979, 405200.0], [0.1398, 396704.0], [0.13981, 377406.0], [0.13982, 234769.0], [0.13983, 301697.0], [0.13984, 685532.0], [0.13985, 393738.0], [0.13986, 944886.0], [0.13987, 701617.0], [0.13988, 374057.0], [0.13989, 533660.0]], "timestamp": "2025-12-06T05:20:46.802776+00:00"}, {"symbol": "DOGEUSDT", "bids": [[0.13963, 148775.0], [0.13962, 153547.0], [0.13961, 259776.0], [0.1396, 558385.0], [0.13959, 920066.0], [0.13958, 385185.0], [0.13957, 756157.0], [0.13956, 1301921.0], [0.13955, 528774.0], [0.13954, 527310.0], [0.13953, 375218.0], [0.13952, 531372.0], [0.13951, 615221.0], [0.1395, 387638.0], [0.13949, 622965.0], [0.13948, 1032171.0], [0.13947, 343926.0], [0.13946, 440746.0], [0.13945, 515231.0], [0.13944, 1454543.0]], "asks": [[0.13964, 115783.0], [0.13965, 310740.0], [0.13966, 480925.0], [0.13967, 242570.0], [0.13968, 760890.0], [0.13969, 698569.0], [0.1397, 505961.0], [0.13971, 621677.0], [0.13972, 1324919.0], [0.13973, 462676.0], [0.13974, 261034.0], [0.13975, 540387.0], [0.13976, 420305.0], [0.13977, 308690.0], [0.13978, 377451.0], [0.13979, 322091.0], [0.1398, 564886.0], [0.13981, 643747.0], [0.13982, 429536.0], [0.13983, 279884.0]], "timestamp": "2025-12-06T05:21:38.373235+00:00"}, {"symbol": "DOGEUSDT", "bids": [[0.13962, 236986.0], [0.13961, 372984.0], [0.1396, 394430.0], [0.13959, 615440.0], [0.13958, 899992.0], [0.13957, 1212609.0], [0.13956, 481737.0], [0.13955, 1054104.0], [0.13954, 623834.0], [0.13953, 401856.0], [0.13952, 734641.0], [0.13951, 514237.0], [0.1395, 381472.0], [0.13949, 633592.0], [0.13948, 912325.0], [0.13947, 318978.0], [0.13946, 400992.0], [0.13945, 428568.0], [0.13944, 1241054.0], [0.13943, 430663.0]], "asks": [[0.13963, 10549.0], [0.13964, 60297.0], [0.13965, 268094.0], [0.13966, 599841.0], [0.13967, 533336.0], [0.13968, 708060.0], [0.13969, 722248.0], [0.1397, 670008.0], [0.13971, 1017403.0], [0.13972, 751437.0], [0.13973, 284387.0], [0.13974, 358121.0], [0.13975, 527101.0], [0.13976, 367812.0], [0.13977, 231118.0], [0.13978, 423299.0], [0.13979, 365516.0], [0.1398, 563755.0], [0.13981, 608858.0], [0.13982, 465630.0]], "timestamp": "2025-12-06T05:22:30.125926+00:00"}, {"symbol": "DOGEUSDT", "bids": [[0.13964, 175846.0], [0.13963, 445428.0], [0.13962, 596480.0], [0.13961, 684834.0], [0.1396, 805224.0], [0.13959, 1143629.0], [0.13958, 798076.0], [0.13957, 1840914.0], [0.13956, 311980.0], [0.13955, 386176.0], [0.13954, 471234.0], [0.13953, 489094.0], [0.13952, 342429.0], [0.13951, 492359.0], [0.1395, 347702.0], [0.13949, 624582.0], [0.13948, 659031.0], [0.13947, 714639.0], [0.13946, 420239.0], [0.13945, 492047.0]], "asks": [[0.13965, 17166.0], [0.13966, 76691.0], [0.13967, 247771.0], [0.13968, 305816.0], [0.13969, 646632.0], [0.1397, 414589.0], [0.13971, 661139.0], [0.13972, 933687.0], [0.13973, 953232.0], [0.13974, 356471.0], [0.13975, 412459.0], [0.13976, 366700.0], [0.13977, 299651.0], [0.13978, 425332.0], [0.13979, 458007.0], [0.1398, 476851.0], [0.13981, 895228.0], [0.13982, 1057858.0], [0.13983, 363030.0], [0.13984, 1363084.0]], "timestamp": "2025-12-06T05:23:21.531720+00:00"}, {"symbol": "DOGEUSDT", "bids": [[0.13966, 346929.0], [0.13965, 617997.0], [0.13964, 558335.0], [0.13963, 594860.0], [0.13962, 902895.0], [0.13961, 679618.0], [0.1396, 603199.0], [0.13959, 1230386.0], [0.13958, 405240.0], [0.13957, 441942.0], [0.13956, 298671.0], [0.13955, 504692.0], [0.13954, 548406.0], [0.13953, 391889.0], [0.13952, 647498.0], [0.13951, 456527.0], [0.1395, 505306.0], [0.13949, 628972.0], [0.13948, 560581.0], [0.13947, 743170.0]], "asks": [[0.13967, 50837.0], [0.13968, 87018.0], [0.13969, 169702.0], [0.1397, 418742.0], [0.13971, 661208.0], [0.13972, 911536.0], [0.13973, 491453.0], [0.13974, 473024.0], [0.13975, 1185426.0], [0.13976, 352114.0], [0.13977, 190233.0], [0.13978, 396922.0], [0.13979, 479350.0], [0.1398, 568117.0], [0.13981, 932928.0], [0.13982, 1008391.0], [0.13983, 349438.0], [0.13984, 1107995.0], [0.13985, 508385.0], [0.13986, 646884.0]], "timestamp": "2025-12-06T05:24:13.039604+00:00"}, {"symbol": "DOGEUSDT", "bids": [[0.13968, 121942.0], [0.13967, 192504.0], [0.13966, 371583.0], [0.13965, 314803.0], [0.13964, 669485.0], [0.13963, 726740.0], [0.13962, 948877.0], [0.13961, 1415801.0], [0.1396, 585879.0], [0.13959, 610523.0], [0.13958, 399257.0], [0.13957, 348037.0], [0.13956, 318028.0], [0.13955, 572515.0], [0.13954, 557314.0], [0.13953, 637785.0], [0.13952, 872529.0], [0.13951, 524819.0], [0.1395, 388549.0], [0.13949, 604568.0]], "asks": [[0.13969, 9461.0], [0.1397, 310616.0], [0.13971, 279098.0], [0.13972, 568364.0], [0.13973, 646017.0], [0.13974, 620052.0], [0.13975, 622830.0], [0.13976, 625109.0], [0.13977, 912979.0], [0.13978, 382070.0], [0.13979, 512657.0], [0.1398, 456487.0], [0.13981, 548954.0], [0.13982, 231691.0], [0.13983, 403573.0], [0.13984, 706359.0], [0.13985, 537097.0], [0.13986, 539673.0], [0.13987, 311885.0], [0.13988, 1100025.0]], "timestamp": "2025-12-06T05:25:04.539757+00:00"}, {"symbol": "DOGEUSDT", "bids": [[0.1396, 52507.0], [0.13959, 78084.0], [0.13958, 86199.0], [0.13957, 311040.0], [0.13956, 718794.0], [0.13955, 677346.0], [0.13954, 563188.0], [0.13953, 592189.0], [0.13952, 1451646.0], [0.13951, 524628.0], [0.1395, 362992.0], [0.13949, 407224.0], [0.13948, 631759.0], [0.13947, 989615.0], [0.13946, 400586.0], [0.13945, 524302.0], [0.13944, 855560.0], [0.13943, 453130.0], [0.13942, 1114061.0], [0.13941, 1743308.0]], "asks": [[0.13961, 235232.0], [0.13962, 256549.0], [0.13963, 525510.0], [0.13964, 659329.0], [0.13965, 776762.0], [0.13966, 610057.0], [0.13967, 464698.0], [0.13968, 1290581.0], [0.13969, 520045.0], [0.1397, 545796.0], [0.13971, 265789.0], [0.13972, 591715.0], [0.13973, 254954.0], [0.13974, 262179.0], [0.13975, 467656.0], [0.13976, 629872.0], [0.13977, 512966.0], [0.13978, 402501.0], [0.13979, 456052.0], [0.1398, 994923.0]], "timestamp": "2025-12-06T05:25:56.041361+00:00"}, {"symbol": "DOGEUSDT", "bids": [[0.13935, 156983.0], [0.13934, 226775.0], [0.13933, 588771.0], [0.13932, 304174.0], [0.13931, 588763.0], [0.1393, 442940.0], [0.13929, 380600.0], [0.13928, 702215.0], [0.13927, 441087.0], [0.13926, 568021.0], [0.13925, 435441.0], [0.13924, 390309.0], [0.13923, 596560.0], [0.13922, 552124.0], [0.13921, 418294.0], [0.1392, 757513.0], [0.13919, 554290.0], [0.13918, 745851.0], [0.13917, 1064402.0], [0.13916, 254746.0]], "asks": [[0.13936, 1038291.0], [0.13937, 169490.0], [0.13938, 564709.0], [0.13939, 337248.0], [0.1394, 961802.0], [0.13941, 830153.0], [0.13942, 837306.0], [0.13943, 1452477.0], [0.13944, 377300.0], [0.13945, 653109.0], [0.13946, 494122.0], [0.13947, 424169.0], [0.13948, 332058.0], [0.13949, 730996.0], [0.1395, 535710.0], [0.13951, 170901.0], [0.13952, 283423.0], [0.13953, 546081.0], [0.13954, 389527.0], [0.13955, 600509.0]], "timestamp": "2025-12-06T05:26:48.603451+00:00"}, {"symbol": "DOGEUSDT", "bids": [[0.13925, 77124.0], [0.13924, 387480.0], [0.13923, 587626.0], [0.13922, 499670.0], [0.13921, 633894.0], [0.1392, 489639.0], [0.13919, 376213.0], [0.13918, 485245.0], [0.13917, 939347.0], [0.13916, 413644.0], [0.13915, 480302.0], [0.13914, 566678.0], [0.13913, 480954.0], [0.13912, 593150.0], [0.13911, 478871.0], [0.1391, 852867.0], [0.13909, 369885.0], [0.13908, 575490.0], [0.13907, 968666.0], [0.13906, 778197.0]], "asks": [[0.13926, 262230.0], [0.13927, 1344711.0], [0.13928, 226469.0], [0.13929, 711591.0], [0.1393, 1147899.0], [0.13931, 723740.0], [0.13932, 800828.0], [0.13933, 1068976.0], [0.13934, 1507279.0], [0.13935, 641514.0], [0.13936, 479635.0], [0.13937, 671623.0], [0.13938, 275047.0], [0.13939, 312906.0], [0.1394, 250319.0], [0.13941, 756653.0], [0.13942, 515885.0], [0.13943, 572170.0], [0.13944, 328137.0], [0.13945, 596427.0]], "timestamp": "2025-12-06T05:27:40.285610+00:00"}, {"symbol": "DOGEUSDT", "bids": [[0.13923, 67233.0], [0.13922, 245604.0], [0.13921, 446126.0], [0.1392, 666644.0], [0.13919, 617819.0], [0.13918, 488809.0], [0.13917, 413897.0], [0.13916, 261223.0], [0.13915, 649150.0], [0.13914, 715491.0], [0.13913, 1086913.0], [0.13912, 624924.0], [0.13911, 323783.0], [0.1391, 280899.0], [0.13909, 387252.0], [0.13908, 428367.0], [0.13907, 917050.0], [0.13906, 778593.0], [0.13905, 569755.0], [0.13904, 493928.0]], "asks": [[0.13924, 1338677.0], [0.13925, 325479.0], [0.13926, 389656.0], [0.13927, 528593.0], [0.13928, 928263.0], [0.13929, 1059626.0], [0.1393, 987149.0], [0.13931, 1820563.0], [0.13932, 787532.0], [0.13933, 755172.0], [0.13934, 444696.0], [0.13935, 572139.0], [0.13936, 478875.0], [0.13937, 816129.0], [0.13938, 176709.0], [0.13939, 309363.0], [0.1394, 271245.0], [0.13941, 596703.0], [0.13942, 707701.0], [0.13943, 686334.0]], "timestamp": "2025-12-06T05:28:31.750981+00:00"}, {"symbol": "DOGEUSDT", "bids": [[0.13928, 364455.0], [0.13927, 622973.0], [0.13926, 946326.0], [0.13925, 951591.0], [0.13924, 1041639.0], [0.13923, 560331.0], [0.13922, 790716.0], [0.13921, 468945.0], [0.1392, 377104.0], [0.13919, 204837.0], [0.13918, 357318.0], [0.13917, 534665.0], [0.13916, 231474.0], [0.13915, 658617.0], [0.13914, 739843.0], [0.13913, 1202983.0], [0.13912, 842124.0], [0.13911, 425305.0], [0.1391, 839657.0], [0.13909, 380786.0]], "asks": [[0.13929, 37007.0], [0.1393, 1238960.0], [0.13931, 463031.0], [0.13932, 688090.0], [0.13933, 1143195.0], [0.13934, 797320.0], [0.13935, 728872.0], [0.13936, 1500387.0], [0.13937, 648499.0], [0.13938, 224853.0], [0.13939, 301536.0], [0.1394, 274162.0], [0.13941, 733671.0], [0.13942, 888587.0], [0.13943, 625561.0], [0.13944, 333694.0], [0.13945, 655374.0], [0.13946, 827006.0], [0.13947, 548569.0], [0.13948, 1448370.0]], "timestamp": "2025-12-06T05:29:23.473930+00:00"}, {"symbol": "DOGEUSDT", "bids": [[0.13929, 477613.0], [0.13928, 350842.0], [0.13927, 660836.0], [0.13926, 802589.0], [0.13925, 668666.0], [0.13924, 639606.0], [0.13923, 522627.0], [0.13922, 322259.0], [0.13921, 369584.0], [0.1392, 251026.0], [0.13919, 299647.0], [0.13918, 683755.0], [0.13917, 621240.0], [0.13916, 342184.0], [0.13915, 630779.0], [0.13914, 797032.0], [0.13913, 1235738.0], [0.13912, 873478.0], [0.13911, 811427.0], [0.1391, 491176.0]], "asks": [[0.1393, 25384.0], [0.13931, 954210.0], [0.13932, 780587.0], [0.13933, 762446.0], [0.13934, 885932.0], [0.13935, 478095.0], [0.13936, 598057.0], [0.13937, 690774.0], [0.13938, 1189839.0], [0.13939, 422916.0], [0.1394, 378985.0], [0.13941, 528470.0], [0.13942, 429259.0], [0.13943, 260102.0], [0.13944, 321945.0], [0.13945, 636365.0], [0.13946, 638956.0], [0.13947, 578930.0], [0.13948, 1466652.0], [0.13949, 962578.0]], "timestamp": "2025-12-06T05:30:15.150300+00:00"}, {"symbol": "DOGEUSDT", "bids": [[0.13924, 168477.0], [0.13923, 788342.0], [0.13922, 305209.0], [0.13921, 295748.0], [0.1392, 654301.0], [0.13919, 430272.0], [0.13918, 476846.0], [0.13917, 640789.0], [0.13916, 453611.0], [0.13915, 620610.0], [0.13914, 812190.0], [0.13913, 1197087.0], [0.13912, 666246.0], [0.13911, 761340.0], [0.1391, 370229.0], [0.13909, 351982.0], [0.13908, 336237.0], [0.13907, 624111.0], [0.13906, 276495.0], [0.13905, 473504.0]], "asks": [[0.13925, 756693.0], [0.13926, 1511719.0], [0.13927, 462367.0], [0.13928, 553456.0], [0.13929, 818272.0], [0.1393, 868505.0], [0.13931, 555119.0], [0.13932, 797964.0], [0.13933, 1204003.0], [0.13934, 1481279.0], [0.13935, 428806.0], [0.13936, 422719.0], [0.13937, 574077.0], [0.13938, 224809.0], [0.13939, 318485.0], [0.1394, 293218.0], [0.13941, 757883.0], [0.13942, 464268.0], [0.13943, 541974.0], [0.13944, 332001.0]], "timestamp": "2025-12-06T05:31:06.967673+00:00"}, {"symbol": "DOGEUSDT", "bids": [[0.13924, 222877.0], [0.13923, 885372.0], [0.13922, 340318.0], [0.13921, 418244.0], [0.1392, 892529.0], [0.13919, 471776.0], [0.13918, 464765.0], [0.13917, 749671.0], [0.13916, 369253.0], [0.13915, 638102.0], [0.13914, 806371.0], [0.13913, 1115814.0], [0.13912, 609138.0], [0.13911, 306675.0], [0.1391, 349053.0], [0.13909, 352047.0], [0.13908, 357559.0], [0.13907, 719774.0], [0.13906, 894045.0], [0.13905, 309289.0]], "asks": [[0.13925, 153630.0], [0.13926, 1131024.0], [0.13927, 542402.0], [0.13928, 460371.0], [0.13929, 805652.0], [0.1393, 902286.0], [0.13931, 596473.0], [0.13932, 959623.0], [0.13933, 2050350.0], [0.13934, 399102.0], [0.13935, 398572.0], [0.13936, 504022.0], [0.13937, 504163.0], [0.13938, 234973.0], [0.13939, 321002.0], [0.1394, 290982.0], [0.13941, 758955.0], [0.13942, 638074.0], [0.13943, 541854.0], [0.13944, 332940.0]], "timestamp": "2025-12-06T05:31:58.275682+00:00"}, {"symbol": "DOGEUSDT", "bids": [[0.13922, 95618.0], [0.13921, 591666.0], [0.1392, 1296658.0], [0.13919, 265371.0], [0.13918, 742970.0], [0.13917, 791947.0], [0.13916, 530482.0], [0.13915, 700252.0], [0.13914, 754411.0], [0.13913, 1027526.0], [0.13912, 617760.0], [0.13911, 380860.0], [0.1391, 378021.0], [0.13909, 323267.0], [0.13908, 419827.0], [0.13907, 708938.0], [0.13906, 885091.0], [0.13905, 356124.0], [0.13904, 579578.0], [0.13903, 1376724.0]], "asks": [[0.13923, 242922.0], [0.13924, 1384075.0], [0.13925, 374177.0], [0.13926, 345012.0], [0.13927, 739073.0], [0.13928, 781174.0], [0.13929, 754275.0], [0.1393, 828876.0], [0.13931, 1432313.0], [0.13932, 794651.0], [0.13933, 875846.0], [0.13934, 342382.0], [0.13935, 251610.0], [0.13936, 411522.0], [0.13937, 505884.0], [0.13938, 226445.0], [0.13939, 317703.0], [0.1394, 290541.0], [0.13941, 1031134.0], [0.13942, 646283.0]], "timestamp": "2025-12-06T05:32:49.736127+00:00"}, {"symbol": "DOGEUSDT", "bids": [[0.13915, 153713.0], [0.13914, 413630.0], [0.13913, 865115.0], [0.13912, 350248.0], [0.13911, 843077.0], [0.1391, 377891.0], [0.13909, 674122.0], [0.13908, 523127.0], [0.13907, 560650.0], [0.13906, 590309.0], [0.13905, 451910.0], [0.13904, 459217.0], [0.13903, 571227.0], [0.13902, 357210.0], [0.13901, 419486.0], [0.139, 1085015.0], [0.13899, 634084.0], [0.13898, 799533.0], [0.13897, 753403.0], [0.13896, 512605.0]], "asks": [[0.13916, 1213673.0], [0.13917, 381384.0], [0.13918, 746150.0], [0.13919, 497140.0], [0.1392, 1470455.0], [0.13921, 1108583.0], [0.13922, 1899654.0], [0.13923, 504761.0], [0.13924, 888278.0], [0.13925, 745499.0], [0.13926, 240242.0], [0.13927, 387113.0], [0.13928, 461343.0], [0.13929, 545461.0], [0.1393, 323379.0], [0.13931, 752415.0], [0.13932, 1390429.0], [0.13933, 897635.0], [0.13934, 348127.0], [0.13935, 355365.0]], "timestamp": "2025-12-06T05:33:41.182282+00:00"}, {"symbol": "DOGEUSDT", "bids": [[0.139, 666501.0], [0.13899, 469834.0], [0.13898, 471301.0], [0.13897, 472200.0], [0.13896, 865416.0], [0.13895, 561801.0], [0.13894, 594858.0], [0.13893, 680145.0], [0.13892, 492357.0], [0.13891, 542305.0], [0.1389, 563939.0], [0.13889, 659098.0], [0.13888, 520384.0], [0.13887, 441865.0], [0.13886, 541571.0], [0.13885, 524191.0], [0.13884, 1178408.0], [0.13883, 445539.0], [0.13882, 379741.0], [0.13881, 1053368.0]], "asks": [[0.13901, 213480.0], [0.13902, 1154989.0], [0.13903, 278282.0], [0.13904, 355407.0], [0.13905, 758150.0], [0.13906, 902972.0], [0.13907, 982570.0], [0.13908, 1075943.0], [0.13909, 1892476.0], [0.1391, 382577.0], [0.13911, 382633.0], [0.13912, 992752.0], [0.13913, 725614.0], [0.13914, 284686.0], [0.13915, 352903.0], [0.13916, 452424.0], [0.13917, 543502.0], [0.13918, 678537.0], [0.13919, 412542.0], [0.1392, 854485.0]], "timestamp": "2025-12-06T05:34:32.516349+00:00"}, {"symbol": "DOGEUSDT", "bids": [[0.13917, 498360.0], [0.13916, 385099.0], [0.13915, 297991.0], [0.13914, 560205.0], [0.13913, 1052300.0], [0.13912, 470280.0], [0.13911, 670093.0], [0.1391, 699649.0], [0.13909, 349314.0], [0.13908, 495109.0], [0.13907, 792864.0], [0.13906, 570565.0], [0.13905, 440088.0], [0.13904, 321793.0], [0.13903, 323834.0], [0.13902, 796120.0], [0.13901, 437989.0], [0.139, 722326.0], [0.13899, 511814.0], [0.13898, 292119.0]], "asks": [[0.13918, 31063.0], [0.13919, 71463.0], [0.1392, 1122469.0], [0.13921, 352084.0], [0.13922, 883950.0], [0.13923, 521617.0], [0.13924, 680458.0], [0.13925, 577494.0], [0.13926, 384407.0], [0.13927, 1317453.0], [0.13928, 637378.0], [0.13929, 531526.0], [0.1393, 560903.0], [0.13931, 266817.0], [0.13932, 448958.0], [0.13933, 896876.0], [0.13934, 427962.0], [0.13935, 218524.0], [0.13936, 488362.0], [0.13937, 639871.0]], "timestamp": "2025-12-06T05:35:23.670162+00:00"}, {"symbol": "DOGEUSDT", "bids": [[0.1392, 216366.0], [0.13919, 184132.0], [0.13918, 417364.0], [0.13917, 471500.0], [0.13916, 923321.0], [0.13915, 537473.0], [0.13914, 709865.0], [0.13913, 665726.0], [0.13912, 539079.0], [0.13911, 776391.0], [0.1391, 455542.0], [0.13909, 289341.0], [0.13908, 413003.0], [0.13907, 601940.0], [0.13906, 637105.0], [0.13905, 685738.0], [0.13904, 1081575.0], [0.13903, 445778.0], [0.13902, 663070.0], [0.13901, 354580.0]], "asks": [[0.13921, 125616.0], [0.13922, 287351.0], [0.13923, 1321833.0], [0.13924, 293326.0], [0.13925, 912593.0], [0.13926, 461612.0], [0.13927, 697830.0], [0.13928, 707781.0], [0.13929, 1537573.0], [0.1393, 599011.0], [0.13931, 395661.0], [0.13932, 579693.0], [0.13933, 596754.0], [0.13934, 613172.0], [0.13935, 277360.0], [0.13936, 503887.0], [0.13937, 672403.0], [0.13938, 946166.0], [0.13939, 347676.0], [0.1394, 429771.0]], "timestamp": "2025-12-06T05:36:16.232529+00:00"}, {"symbol": "DOGEUSDT", "bids": [[0.13923, 248498.0], [0.13922, 458382.0], [0.13921, 236268.0], [0.1392, 420026.0], [0.13919, 777864.0], [0.13918, 587757.0], [0.13917, 714904.0], [0.13916, 615054.0], [0.13915, 585314.0], [0.13914, 572815.0], [0.13913, 616267.0], [0.13912, 506961.0], [0.13911, 656720.0], [0.1391, 307039.0], [0.13909, 197470.0], [0.13908, 396749.0], [0.13907, 723597.0], [0.13906, 644097.0], [0.13905, 659536.0], [0.13904, 1058819.0]], "asks": [[0.13924, 225700.0], [0.13925, 1090291.0], [0.13926, 129723.0], [0.13927, 581209.0], [0.13928, 675065.0], [0.13929, 662661.0], [0.1393, 755599.0], [0.13931, 303425.0], [0.13932, 803558.0], [0.13933, 1585050.0], [0.13934, 639249.0], [0.13935, 459739.0], [0.13936, 494057.0], [0.13937, 601797.0], [0.13938, 353929.0], [0.13939, 517628.0], [0.1394, 426581.0], [0.13941, 988984.0], [0.13942, 526300.0], [0.13943, 864909.0]], "timestamp": "2025-12-06T05:37:08.195145+00:00"}, {"symbol": "DOGEUSDT", "bids": [[0.13928, 626978.0], [0.13927, 339888.0], [0.13926, 339148.0], [0.13925, 488230.0], [0.13924, 696150.0], [0.13923, 504041.0], [0.13922, 935733.0], [0.13921, 489351.0], [0.1392, 791177.0], [0.13919, 667290.0], [0.13918, 447671.0], [0.13917, 458541.0], [0.13916, 416969.0], [0.13915, 425340.0], [0.13914, 303601.0], [0.13913, 341121.0], [0.13912, 411292.0], [0.13911, 703582.0], [0.1391, 399556.0], [0.13909, 554546.0]], "asks": [[0.13929, 34049.0], [0.1393, 173489.0], [0.13931, 1113836.0], [0.13932, 278093.0], [0.13933, 864714.0], [0.13934, 482397.0], [0.13935, 280022.0], [0.13936, 604424.0], [0.13937, 858714.0], [0.13938, 1294942.0], [0.13939, 641599.0], [0.1394, 610181.0], [0.13941, 510446.0], [0.13942, 433618.0], [0.13943, 573300.0], [0.13944, 280154.0], [0.13945, 477544.0], [0.13946, 823647.0], [0.13947, 511326.0], [0.13948, 513713.0]], "timestamp": "2025-12-06T05:38:00.840022+00:00"}, {"symbol": "DOGEUSDT", "bids": [[0.13933, 32005.0], [0.13932, 98985.0], [0.13931, 200358.0], [0.1393, 383793.0], [0.13929, 727740.0], [0.13928, 655567.0], [0.13927, 514999.0], [0.13926, 496711.0], [0.13925, 672081.0], [0.13924, 501391.0], [0.13923, 453512.0], [0.13922, 651943.0], [0.13921, 384802.0], [0.1392, 679700.0], [0.13919, 878756.0], [0.13918, 425106.0], [0.13917, 465528.0], [0.13916, 922640.0], [0.13915, 697769.0], [0.13914, 657121.0]], "asks": [[0.13934, 1570480.0], [0.13935, 442953.0], [0.13936, 827112.0], [0.13937, 465334.0], [0.13938, 890095.0], [0.13939, 730747.0], [0.1394, 425883.0], [0.13941, 1383754.0], [0.13942, 557808.0], [0.13943, 357536.0], [0.13944, 495351.0], [0.13945, 501462.0], [0.13946, 399679.0], [0.13947, 840437.0], [0.13948, 413353.0], [0.13949, 601933.0], [0.1395, 385387.0], [0.13951, 872499.0], [0.13952, 260968.0], [0.13953, 586187.0]], "timestamp": "2025-12-06T05:38:52.949156+00:00"}]