[{"id": "977682028", "price": 0.13963, "amount": 11641.0, "side": "sell", "timestamp": 1764998511330}, {"id": "977682029", "price": 0.13964, "amount": 920.0, "side": "buy", "timestamp": 1764998511632}, {"id": "977682030", "price": 0.13963, "amount": 41.0, "side": "sell", "timestamp": 1764998513700}, {"id": "977682031", "price": 0.13964, "amount": 133.0, "side": "buy", "timestamp": 1764998514194}, {"id": "977682032", "price": 0.13964, "amount": 5.0, "side": "buy", "timestamp": 1764998514669}, {"id": "977682033", "price": 0.13964, "amount": 8.0, "side": "buy", "timestamp": 1764998516534}, {"id": "977682034", "price": 0.13964, "amount": 32.0, "side": "buy", "timestamp": 1764998517442}, {"id": "977682035", "price": 0.13963, "amount": 1278.0, "side": "sell", "timestamp": 1764998517537}, {"id": "977682036", "price": 0.13963, "amount": 15478.0, "side": "sell", "timestamp": 1764998521024}, {"id": "977682037", "price": 0.13962, "amount": 135.0, "side": "sell", "timestamp": 1764998521405}, {"id": "977682038", "price": 0.13962, "amount": 40.0, "side": "sell", "timestamp": 1764998522969}, {"id": "977682039", "price": 0.13963, "amount": 17.0, "side": "buy", "timestamp": 1764998523333}, {"id": "977682040", "price": 0.13963, "amount": 56.0, "side": "buy", "timestamp": 1764998524573}, {"id": "977682041", "price": 0.13963, "amount": 49.0, "side": "buy", "timestamp": 1764998524842}, {"id": "977682042", "price": 0.13963, "amount": 134.0, "side": "buy", "timestamp": 1764998525180}, {"id": "977682043", "price": 0.13963, "amount": 140.0, "side": "buy", "timestamp": 1764998525324}, {"id": "977682044", "price": 0.13963, "amount": 38.0, "side": "buy", "timestamp": 1764998525539}, {"id": "977682045", "price": 0.13963, "amount": 8.0, "side": "buy", "timestamp": 1764998526101}, {"id": "977682046", "price": 0.13963, "amount": 136.0, "side": "buy", "timestamp": 1764998527302}, {"id": "977682047", "price": 0.13962, "amount": 63.0, "side": "sell", "timestamp": 1764998528353}, {"id": "977682048", "price": 0.13963, "amount": 31947.0, "side": "buy", "timestamp": 1764998529093}, {"id": "977682049", "price": 0.13964, "amount": 5.0, "side": "buy", "timestamp": 1764998529210}, {"id": "977682050", "price": 0.13963, "amount": 120.0, "side": "sell", "timestamp": 1764998530041}, {"id": "977682051", "price": 0.13964, "amount": 13940.0, "side": "buy", "timestamp": 1764998530401}, {"id": "977682052", "price": 0.13965, "amount": 105076.0, "side": "buy", "timestamp": 1764998530405}, {"id": "977682053", "price": 0.13966, "amount": 42870.0, "side": "buy", "timestamp": 1764998530418}, {"id": "977682054", "price": 0.13967, "amount": 6413.0, "side": "buy", "timestamp": 1764998530440}, {"id": "977682055", "price": 0.13967, "amount": 2169.0, "side": "buy", "timestamp": 1764998530555}, {"id": "977682056", "price": 0.13968, "amount": 2.0, "side": "buy", "timestamp": 1764998531632}, {"id": "977682057", "price": 0.13967, "amount": 86.0, "side": "sell", "timestamp": 1764998531662}, {"id": "977682058", "price": 0.13968, "amount": 1.0, "side": "buy", "timestamp": 1764998532707}, {"id": "977682059", "price": 0.13968, "amount": 17.0, "side": "buy", "timestamp": 1764998533105}, {"id": "977682060", "price": 0.13967, "amount": 90.0, "side": "sell", "timestamp": 1764998533563}, {"id": "977682061", "price": 0.13967, "amount": 48.0, "side": "sell", "timestamp": 1764998534124}, {"id": "977682062", "price": 0.13968, "amount": 4258.0, "side": "buy", "timestamp": 1764998534432}, {"id": "977682063", "price": 0.13968, "amount": 56.0, "side": "buy", "timestamp": 1764998535101}, {"id": "977682064", "price": 0.13968, "amount": 18.0, "side": "buy", "timestamp": 1764998535795}, {"id": "977682065", "price": 0.13967, "amount": 30604.0, "side": "sell", "timestamp": 1764998536775}, {"id": "977682066", "price": 0.13966, "amount": 9643.0, "side": "sell", "timestamp": 1764998539465}, {"id": "977682067", "price": 0.13966, "amount": 4754.0, "side": "sell", "timestamp": 1764998540673}, {"id": "977682068", "price": 0.13965, "amount": 1301.0, "side": "sell", "timestamp": 1764998540773}, {"id": "977682069", "price": 0.13964, "amount": 6034.0, "side": "sell", "timestamp": 1764998542608}, {"id": "977682070", "price": 0.13964, "amount": 33.0, "side": "buy", "timestamp": 1764998543018}, {"id": "977682071", "price": 0.13963, "amount": 6182.0, "side": "sell", "timestamp": 1764998543303}, {"id": "977682072", "price": 0.13963, "amount": 20.0, "side": "buy", "timestamp": 1764998543339}, {"id": "977682073", "price": 0.13963, "amount": 418.0, "side": "buy", "timestamp": 1764998544883}, {"id": "977682074", "price": 0.13963, "amount": 717.0, "side": "buy", "timestamp": 1764998547121}, {"id": "977682075", "price": 0.13962, "amount": 787.0, "side": "sell", "timestamp": 1764998548138}, {"id": "977682076", "price": 0.13963, "amount": 123.0, "side": "buy", "timestamp": 1764998548614}, {"id": "977682077", "price": 0.13962, "amount": 668.0, "side": "sell", "timestamp": 1764998549857}, {"id": "977682091", "price": 0.13962, "amount": 35.0, "side": "buy", "timestamp": 1764998568890}, {"id": "977682092", "price": 0.13962, "amount": 22.0, "side": "buy", "timestamp": 1764998569999}, {"id": "977682093", "price": 0.13961, "amount": 2856.0, "side": "sell", "timestamp": 1764998570892}, {"id": "977682094", "price": 0.13961, "amount": 1124.0, "side": "buy", "timestamp": 1764998573060}, {"id": "977682095", "price": 0.1396, "amount": 7326.0, "side": "sell", "timestamp": 1764998573340}, {"id": "977682096", "price": 0.1396, "amount": 678.0, "side": "sell", "timestamp": 1764998573458}, {"id": "977682097", "price": 0.13959, "amount": 413.0, "side": "sell", "timestamp": 1764998573844}, {"id": "977682098", "price": 0.1396, "amount": 18.0, "side": "buy", "timestamp": 1764998575236}, {"id": "977682099", "price": 0.13959, "amount": 830.0, "side": "sell", "timestamp": 1764998575455}, {"id": "977682100", "price": 0.13959, "amount": 75.0, "side": "sell", "timestamp": 1764998576392}, {"id": "977682101", "price": 0.13959, "amount": 322.0, "side": "sell", "timestamp": 1764998579442}, {"id": "977682102", "price": 0.13959, "amount": 22989.0, "side": "sell", "timestamp": 1764998579993}, {"id": "977682103", "price": 0.13959, "amount": 1575.0, "side": "sell", "timestamp": 1764998580575}, {"id": "977682104", "price": 0.13958, "amount": 182.0, "side": "sell", "timestamp": 1764998581220}, {"id": "977682105", "price": 0.13959, "amount": 15.0, "side": "buy", "timestamp": 1764998581395}, {"id": "977682106", "price": 0.13958, "amount": 2151.0, "side": "sell", "timestamp": 1764998581546}, {"id": "977682107", "price": 0.13959, "amount": 44.0, "side": "buy", "timestamp": 1764998581624}, {"id": "977682108", "price": 0.13958, "amount": 172.0, "side": "sell", "timestamp": 1764998582089}, {"id": "977682109", "price": 0.13959, "amount": 13.0, "side": "buy", "timestamp": 1764998582403}, {"id": "977682110", "price": 0.13959, "amount": 16.0, "side": "buy", "timestamp": 1764998583978}, {"id": "977682111", "price": 0.13958, "amount": 4185.0, "side": "sell", "timestamp": 1764998584331}, {"id": "977682112", "price": 0.13959, "amount": 15.0, "side": "buy", "timestamp": 1764998584445}, {"id": "977682113", "price": 0.13959, "amount": 17299.0, "side": "buy", "timestamp": 1764998584719}, {"id": "977682114", "price": 0.1396, "amount": 10778.0, "side": "buy", "timestamp": 1764998586499}, {"id": "977682115", "price": 0.13961, "amount": 19.0, "side": "buy", "timestamp": 1764998586610}, {"id": "977682116", "price": 0.1396, "amount": 374.0, "side": "sell", "timestamp": 1764998586831}, {"id": "977682117", "price": 0.1396, "amount": 683.0, "side": "sell", "timestamp": 1764998587777}, {"id": "977682118", "price": 0.1396, "amount": 910.0, "side": "sell", "timestamp": 1764998589614}, {"id": "977682119", "price": 0.13961, "amount": 16.0, "side": "buy", "timestamp": 1764998589642}, {"id": "977682120", "price": 0.1396, "amount": 381.0, "side": "sell", "timestamp": 1764998589696}, {"id": "977682121", "price": 0.1396, "amount": 37.0, "side": "sell", "timestamp": 1764998589833}, {"id": "977682122", "price": 0.1396, "amount": 910.0, "side": "sell", "timestamp": 1764998590249}, {"id": "977682123", "price": 0.1396, "amount": 910.0, "side": "sell", "timestamp": 1764998590400}, {"id": "977682124", "price": 0.13961, "amount": 9.0, "side": "buy", "timestamp": 1764998590811}, {"id": "977682125", "price": 0.1396, "amount": 44.0, "side": "sell", "timestamp": 1764998590858}, {"id": "977682126", "price": 0.13961, "amount": 8498.0, "side": "buy", "timestamp": 1764998591019}, {"id": "977682127", "price": 0.1396, "amount": 356.0, "side": "sell", "timestamp": 1764998591183}, {"id": "977682128", "price": 0.13961, "amount": 27626.0, "side": "buy", "timestamp": 1764998591578}, {"id": "977682129", "price": 0.13962, "amount": 5309.0, "side": "buy", "timestamp": 1764998591597}, {"id": "977682130", "price": 0.13962, "amount": 31800.0, "side": "buy", "timestamp": 1764998591911}, {"id": "977682131", "price": 0.13963, "amount": 1413.0, "side": "buy", "timestamp": 1764998591923}, {"id": "977682132", "price": 0.13963, "amount": 9457.0, "side": "buy", "timestamp": 1764998593501}, {"id": "977682133", "price": 0.13964, "amount": 38684.0, "side": "buy", "timestamp": 1764998593514}, {"id": "977682134", "price": 0.13965, "amount": 15771.0, "side": "buy", "timestamp": 1764998593527}, {"id": "977682135", "price": 0.13965, "amount": 54.0, "side": "buy", "timestamp": 1764998593872}, {"id": "977682136", "price": 0.13965, "amount": 8979.0, "side": "buy", "timestamp": 1764998594824}, {"id": "977682137", "price": 0.13964, "amount": 71654.0, "side": "sell", "timestamp": 1764998595563}, {"id": "977682138", "price": 0.13964, "amount": 5390.0, "side": "sell", "timestamp": 1764998596687}, {"id": "977682139", "price": 0.13965, "amount": 3.0, "side": "buy", "timestamp": 1764998597369}, {"id": "977682140", "price": 0.13964, "amount": 713.0, "side": "sell", "timestamp": 1764998597749}, {"id": "977682165", "price": 0.13963, "amount": 3958.0, "side": "sell", "timestamp": 1764998620754}, {"id": "977682166", "price": 0.13962, "amount": 1205.0, "side": "sell", "timestamp": 1764998620855}, {"id": "977682167", "price": 0.13962, "amount": 23766.0, "side": "sell", "timestamp": 1764998622052}, {"id": "977682168", "price": 0.13961, "amount": 2112.0, "side": "sell", "timestamp": 1764998622805}, {"id": "977682169", "price": 0.13961, "amount": 124.0, "side": "sell", "timestamp": 1764998625069}, {"id": "977682170", "price": 0.13962, "amount": 18075.0, "side": "buy", "timestamp": 1764998625370}, {"id": "977682171", "price": 0.13962, "amount": 16.0, "side": "buy", "timestamp": 1764998628640}, {"id": "977682172", "price": 0.13961, "amount": 226.0, "side": "sell", "timestamp": 1764998629703}, {"id": "977682173", "price": 0.13962, "amount": 248.0, "side": "buy", "timestamp": 1764998630028}, {"id": "977682174", "price": 0.13962, "amount": 8.0, "side": "buy", "timestamp": 1764998630148}, {"id": "977682175", "price": 0.13961, "amount": 714.0, "side": "sell", "timestamp": 1764998630266}, {"id": "977682176", "price": 0.13962, "amount": 10.0, "side": "buy", "timestamp": 1764998630568}, {"id": "977682177", "price": 0.13961, "amount": 1200.0, "side": "sell", "timestamp": 1764998630922}, {"id": "977682178", "price": 0.13961, "amount": 5347.0, "side": "sell", "timestamp": 1764998632132}, {"id": "977682179", "price": 0.13962, "amount": 2318.0, "side": "buy", "timestamp": 1764998632510}, {"id": "977682180", "price": 0.13961, "amount": 12136.0, "side": "sell", "timestamp": 1764998633304}, {"id": "977682181", "price": 0.13961, "amount": 557.0, "side": "sell", "timestamp": 1764998634256}, {"id": "977682182", "price": 0.13962, "amount": 52.0, "side": "buy", "timestamp": 1764998635009}, {"id": "977682183", "price": 0.13962, "amount": 5.0, "side": "buy", "timestamp": 1764998635820}, {"id": "977682184", "price": 0.13961, "amount": 164.0, "side": "sell", "timestamp": 1764998636874}, {"id": "977682185", "price": 0.13962, "amount": 11.0, "side": "buy", "timestamp": 1764998637128}, {"id": "977682186", "price": 0.13961, "amount": 354.0, "side": "sell", "timestamp": 1764998637670}, {"id": "977682187", "price": 0.13962, "amount": 19.0, "side": "buy", "timestamp": 1764998637681}, {"id": "977682188", "price": 0.13962, "amount": 443.0, "side": "buy", "timestamp": 1764998638052}, {"id": "977682189", "price": 0.13961, "amount": 37.0, "side": "sell", "timestamp": 1764998638528}, {"id": "977682190", "price": 0.13961, "amount": 2082.0, "side": "sell", "timestamp": 1764998639648}, {"id": "977682191", "price": 0.13961, "amount": 126.0, "side": "sell", "timestamp": 1764998642465}, {"id": "977682192", "price": 0.13961, "amount": 4842.0, "side": "sell", "timestamp": 1764998643812}, {"id": "977682193", "price": 0.13962, "amount": 4783.0, "side": "buy", "timestamp": 1764998643986}, {"id": "977682194", "price": 0.13961, "amount": 38.0, "side": "sell", "timestamp": 1764998644451}, {"id": "977682195", "price": 0.13962, "amount": 32.0, "side": "buy", "timestamp": 1764998644927}, {"id": "977682196", "price": 0.13961, "amount": 581.0, "side": "sell", "timestamp": 1764998645310}, {"id": "977682197", "price": 0.13962, "amount": 32457.0, "side": "buy", "timestamp": 1764998646680}, {"id": "977682198", "price": 0.13963, "amount": 12018.0, "side": "buy", "timestamp": 1764998646707}, {"id": "977682199", "price": 0.13963, "amount": 136.0, "side": "buy", "timestamp": 1764998647735}, {"id": "977682200", "price": 0.13963, "amount": 25228.0, "side": "buy", "timestamp": 1764998648012}, {"id": "977682201", "price": 0.13964, "amount": 8956.0, "side": "buy", "timestamp": 1764998648064}, {"id": "977682202", "price": 0.13964, "amount": 222.0, "side": "buy", "timestamp": 1764998648695}, {"id": "977682203", "price": 0.13964, "amount": 42656.0, "side": "buy", "timestamp": 1764998648888}, {"id": "977682204", "price": 0.13964, "amount": 80.0, "side": "sell", "timestamp": 1764998649126}, {"id": "977682205", "price": 0.13964, "amount": 36.0, "side": "sell", "timestamp": 1764998649236}, {"id": "977682206", "price": 0.13965, "amount": 17.0, "side": "buy", "timestamp": 1764998650200}, {"id": "977682207", "price": 0.13965, "amount": 5616.0, "side": "buy", "timestamp": 1764998651275}, {"id": "977682208", "price": 0.13964, "amount": 471.0, "side": "sell", "timestamp": 1764998651749}, {"id": "977682209", "price": 0.13964, "amount": 393.0, "side": "sell", "timestamp": 1764998651941}, {"id": "977682210", "price": 0.13965, "amount": 2.0, "side": "buy", "timestamp": 1764998652140}, {"id": "977682211", "price": 0.13964, "amount": 420.0, "side": "sell", "timestamp": 1764998652206}, {"id": "977682212", "price": 0.13965, "amount": 13890.0, "side": "buy", "timestamp": 1764998652360}, {"id": "977682213", "price": 0.13966, "amount": 3510.0, "side": "buy", "timestamp": 1764998652366}, {"id": "977682214", "price": 0.13966, "amount": 2431.0, "side": "buy", "timestamp": 1764998652511}, {"id": "977682222", "price": 0.13968, "amount": 39.0, "side": "sell", "timestamp": 1764998658065}, {"id": "977682223", "price": 0.13969, "amount": 14246.0, "side": "buy", "timestamp": 1764998659827}, {"id": "977682224", "price": 0.1397, "amount": 7227.0, "side": "buy", "timestamp": 1764998659827}, {"id": "977682225", "price": 0.1397, "amount": 17.0, "side": "buy", "timestamp": 1764998659983}, {"id": "977682226", "price": 0.13969, "amount": 3051.0, "side": "sell", "timestamp": 1764998660139}, {"id": "977682227", "price": 0.1397, "amount": 5.0, "side": "buy", "timestamp": 1764998660352}, {"id": "977682228", "price": 0.1397, "amount": 14.0, "side": "buy", "timestamp": 1764998660637}, {"id": "977682229", "price": 0.13969, "amount": 18987.0, "side": "sell", "timestamp": 1764998662461}, {"id": "977682230", "price": 0.13968, "amount": 1214.0, "side": "sell", "timestamp": 1764998663673}, {"id": "977682231", "price": 0.13969, "amount": 13.0, "side": "buy", "timestamp": 1764998663940}, {"id": "977682232", "price": 0.13969, "amount": 7158.0, "side": "buy", "timestamp": 1764998665378}, {"id": "977682233", "price": 0.13969, "amount": 83.0, "side": "buy", "timestamp": 1764998665989}, {"id": "977682234", "price": 0.13969, "amount": 418.0, "side": "buy", "timestamp": 1764998666149}, {"id": "977682235", "price": 0.13968, "amount": 6813.0, "side": "sell", "timestamp": 1764998667542}, {"id": "977682236", "price": 0.13967, "amount": 8614.0, "side": "sell", "timestamp": 1764998670095}, {"id": "977682237", "price": 0.13966, "amount": 3100.0, "side": "sell", "timestamp": 1764998670190}, {"id": "977682238", "price": 0.13965, "amount": 55.0, "side": "sell", "timestamp": 1764998670343}, {"id": "977682239", "price": 0.13966, "amount": 32.0, "side": "buy", "timestamp": 1764998670457}, {"id": "977682240", "price": 0.13966, "amount": 43794.0, "side": "buy", "timestamp": 1764998671758}, {"id": "977682241", "price": 0.13967, "amount": 9900.0, "side": "buy", "timestamp": 1764998671758}, {"id": "977682242", "price": 0.13966, "amount": 113.0, "side": "buy", "timestamp": 1764998671761}, {"id": "977682243", "price": 0.13966, "amount": 69.0, "side": "buy", "timestamp": 1764998674339}, {"id": "977682244", "price": 0.13966, "amount": 10818.0, "side": "buy", "timestamp": 1764998675162}, {"id": "977682245", "price": 0.13967, "amount": 910.0, "side": "buy", "timestamp": 1764998675167}, {"id": "977682246", "price": 0.13967, "amount": 86.0, "side": "sell", "timestamp": 1764998675668}, {"id": "977682247", "price": 0.13967, "amount": 525.0, "side": "sell", "timestamp": 1764998676710}, {"id": "977682248", "price": 0.13968, "amount": 1418.0, "side": "buy", "timestamp": 1764998678925}, {"id": "977682249", "price": 0.13967, "amount": 186.0, "side": "sell", "timestamp": 1764998680753}, {"id": "977682250", "price": 0.13968, "amount": 1145.0, "side": "buy", "timestamp": 1764998681094}, {"id": "977682251", "price": 0.13968, "amount": 13.0, "side": "buy", "timestamp": 1764998684155}, {"id": "977682252", "price": 0.13968, "amount": 8046.0, "side": "buy", "timestamp": 1764998684611}, {"id": "977682253", "price": 0.13969, "amount": 2279.0, "side": "buy", "timestamp": 1764998684621}, {"id": "977682254", "price": 0.13969, "amount": 17.0, "side": "buy", "timestamp": 1764998685853}, {"id": "977682255", "price": 0.13969, "amount": 15.0, "side": "buy", "timestamp": 1764998687406}, {"id": "977682256", "price": 0.13969, "amount": 18.0, "side": "buy", "timestamp": 1764998688619}, {"id": "977682257", "price": 0.13969, "amount": 17.0, "side": "buy", "timestamp": 1764998689204}, {"id": "977682258", "price": 0.13969, "amount": 7.0, "side": "buy", "timestamp": 1764998689364}, {"id": "977682259", "price": 0.13969, "amount": 6.0, "side": "buy", "timestamp": 1764998690357}, {"id": "977682260", "price": 0.13969, "amount": 21.0, "side": "buy", "timestamp": 1764998691103}, {"id": "977682261", "price": 0.13969, "amount": 7158.0, "side": "buy", "timestamp": 1764998691878}, {"id": "977682262", "price": 0.13968, "amount": 157.0, "side": "sell", "timestamp": 1764998692807}, {"id": "977682263", "price": 0.13968, "amount": 4568.0, "side": "sell", "timestamp": 1764998694020}, {"id": "977682264", "price": 0.13968, "amount": 473.0, "side": "sell", "timestamp": 1764998694489}, {"id": "977682265", "price": 0.13969, "amount": 2.0, "side": "buy", "timestamp": 1764998696373}, {"id": "977682266", "price": 0.13969, "amount": 10.0, "side": "buy", "timestamp": 1764998696825}, {"id": "977682267", "price": 0.13969, "amount": 3728.0, "side": "buy", "timestamp": 1764998697431}, {"id": "977682268", "price": 0.13968, "amount": 150.0, "side": "sell", "timestamp": 1764998698292}, {"id": "977682269", "price": 0.13969, "amount": 105.0, "side": "buy", "timestamp": 1764998698780}, {"id": "977682270", "price": 0.13968, "amount": 2253.0, "side": "sell", "timestamp": 1764998703530}, {"id": "977682271", "price": 0.13969, "amount": 13.0, "side": "buy", "timestamp": 1764998703839}, {"id": "977682291", "price": 0.13968, "amount": 530.0, "side": "sell", "timestamp": 1764998716907}, {"id": "977682292", "price": 0.13968, "amount": 3551.0, "side": "sell", "timestamp": 1764998717072}, {"id": "977682293", "price": 0.13968, "amount": 7791.0, "side": "sell", "timestamp": 1764998717366}, {"id": "977682294", "price": 0.13969, "amount": 351.0, "side": "buy", "timestamp": 1764998718120}, {"id": "977682295", "price": 0.13969, "amount": 5.0, "side": "buy", "timestamp": 1764998718717}, {"id": "977682296", "price": 0.13969, "amount": 507.0, "side": "buy", "timestamp": 1764998720177}, {"id": "977682297", "price": 0.13969, "amount": 20.0, "side": "buy", "timestamp": 1764998721242}, {"id": "977682298", "price": 0.13968, "amount": 25231.0, "side": "sell", "timestamp": 1764998721287}, {"id": "977682299", "price": 0.13968, "amount": 80.0, "side": "sell", "timestamp": 1764998722132}, {"id": "977682300", "price": 0.13969, "amount": 3.0, "side": "buy", "timestamp": 1764998723533}, {"id": "977682301", "price": 0.13968, "amount": 540.0, "side": "sell", "timestamp": 1764998724803}, {"id": "977682302", "price": 0.13968, "amount": 17353.0, "side": "sell", "timestamp": 1764998725025}, {"id": "977682303", "price": 0.13969, "amount": 418.0, "side": "buy", "timestamp": 1764998725290}, {"id": "977682304", "price": 0.13968, "amount": 29764.0, "side": "sell", "timestamp": 1764998725506}, {"id": "977682305", "price": 0.13967, "amount": 871.0, "side": "sell", "timestamp": 1764998725540}, {"id": "977682306", "price": 0.13967, "amount": 443.0, "side": "buy", "timestamp": 1764998726775}, {"id": "977682307", "price": 0.13966, "amount": 627.0, "side": "sell", "timestamp": 1764998727515}, {"id": "977682308", "price": 0.13965, "amount": 1440.0, "side": "sell", "timestamp": 1764998727528}, {"id": "977682309", "price": 0.13966, "amount": 9.0, "side": "buy", "timestamp": 1764998727683}, {"id": "977682310", "price": 0.13965, "amount": 1440.0, "side": "sell", "timestamp": 1764998728010}, {"id": "977682311", "price": 0.13966, "amount": 2.0, "side": "buy", "timestamp": 1764998729037}, {"id": "977682312", "price": 0.13965, "amount": 6887.0, "side": "sell", "timestamp": 1764998729074}, {"id": "977682313", "price": 0.13964, "amount": 716.0, "side": "sell", "timestamp": 1764998729108}, {"id": "977682314", "price": 0.13964, "amount": 670.0, "side": "sell", "timestamp": 1764998729914}, {"id": "977682315", "price": 0.13964, "amount": 8.0, "side": "buy", "timestamp": 1764998730042}, {"id": "977682316", "price": 0.13963, "amount": 7241.0, "side": "sell", "timestamp": 1764998730224}, {"id": "977682317", "price": 0.13963, "amount": 20572.0, "side": "sell", "timestamp": 1764998731069}, {"id": "977682318", "price": 0.13963, "amount": 27861.0, "side": "buy", "timestamp": 1764998731513}, {"id": "977682319", "price": 0.13962, "amount": 1039.0, "side": "sell", "timestamp": 1764998731788}, {"id": "977682320", "price": 0.13961, "amount": 2334.0, "side": "sell", "timestamp": 1764998731928}, {"id": "977682321", "price": 0.1396, "amount": 2141.0, "side": "sell", "timestamp": 1764998732960}, {"id": "977682322", "price": 0.13961, "amount": 3.0, "side": "buy", "timestamp": 1764998735667}, {"id": "977682323", "price": 0.1396, "amount": 102.0, "side": "sell", "timestamp": 1764998738629}, {"id": "977682324", "price": 0.13961, "amount": 3800.0, "side": "buy", "timestamp": 1764998738630}, {"id": "977682325", "price": 0.13961, "amount": 2.0, "side": "buy", "timestamp": 1764998741626}, {"id": "977682326", "price": 0.1396, "amount": 3423.0, "side": "sell", "timestamp": 1764998741750}, {"id": "977682327", "price": 0.1396, "amount": 9050.0, "side": "sell", "timestamp": 1764998742996}, {"id": "977682328", "price": 0.1396, "amount": 103.0, "side": "sell", "timestamp": 1764998743428}, {"id": "977682329", "price": 0.13961, "amount": 168.0, "side": "buy", "timestamp": 1764998743900}, {"id": "977682330", "price": 0.1396, "amount": 86.0, "side": "sell", "timestamp": 1764998747661}, {"id": "977682331", "price": 0.13961, "amount": 2.0, "side": "buy", "timestamp": 1764998749754}, {"id": "977682332", "price": 0.13961, "amount": 98.0, "side": "buy", "timestamp": 1764998750367}, {"id": "977682333", "price": 0.13961, "amount": 5.0, "side": "buy", "timestamp": 1764998750751}, {"id": "977682334", "price": 0.1396, "amount": 56.0, "side": "sell", "timestamp": 1764998750954}, {"id": "977682335", "price": 0.1396, "amount": 2453.0, "side": "sell", "timestamp": 1764998751186}, {"id": "977682336", "price": 0.1396, "amount": 98.0, "side": "sell", "timestamp": 1764998751312}, {"id": "977682337", "price": 0.1396, "amount": 273.0, "side": "sell", "timestamp": 1764998751522}, {"id": "977682338", "price": 0.1396, "amount": 37.0, "side": "sell", "timestamp": 1764998752109}, {"id": "977682339", "price": 0.13961, "amount": 3.0, "side": "buy", "timestamp": 1764998752238}, {"id": "977682340", "price": 0.1396, "amount": 6.0, "side": "sell", "timestamp": 1764998752932}, {"id": "977682485", "price": 0.13936, "amount": 85.0, "side": "sell", "timestamp": 1764998783665}, {"id": "977682486", "price": 0.13936, "amount": 374.0, "side": "sell", "timestamp": 1764998783844}, {"id": "977682487", "price": 0.13937, "amount": 4.0, "side": "buy", "timestamp": 1764998784544}, {"id": "977682488", "price": 0.13936, "amount": 247.0, "side": "sell", "timestamp": 1764998784854}, {"id": "977682489", "price": 0.13937, "amount": 10000.0, "side": "buy", "timestamp": 1764998785206}, {"id": "977682490", "price": 0.13936, "amount": 80.0, "side": "sell", "timestamp": 1764998785280}, {"id": "977682491", "price": 0.13937, "amount": 106.0, "side": "buy", "timestamp": 1764998785385}, {"id": "977682492", "price": 0.13936, "amount": 54.0, "side": "sell", "timestamp": 1764998785391}, {"id": "977682493", "price": 0.13937, "amount": 418.0, "side": "buy", "timestamp": 1764998785416}, {"id": "977682494", "price": 0.13936, "amount": 162705.0, "side": "sell", "timestamp": 1764998787471}, {"id": "977682495", "price": 0.13935, "amount": 250082.0, "side": "sell", "timestamp": 1764998787471}, {"id": "977682496", "price": 0.13935, "amount": 2617.0, "side": "sell", "timestamp": 1764998788118}, {"id": "977682497", "price": 0.13936, "amount": 319214.0, "side": "buy", "timestamp": 1764998788441}, {"id": "977682498", "price": 0.13937, "amount": 61946.0, "side": "buy", "timestamp": 1764998788515}, {"id": "977682499", "price": 0.13937, "amount": 80.0, "side": "sell", "timestamp": 1764998789127}, {"id": "977682500", "price": 0.13937, "amount": 10215.0, "side": "sell", "timestamp": 1764998789668}, {"id": "977682501", "price": 0.13936, "amount": 628.0, "side": "sell", "timestamp": 1764998790667}, {"id": "977682502", "price": 0.13937, "amount": 4947.0, "side": "buy", "timestamp": 1764998790895}, {"id": "977682503", "price": 0.13937, "amount": 713.0, "side": "buy", "timestamp": 1764998791068}, {"id": "977682504", "price": 0.13937, "amount": 346.0, "side": "buy", "timestamp": 1764998791740}, {"id": "977682505", "price": 0.13936, "amount": 9947.0, "side": "sell", "timestamp": 1764998791891}, {"id": "977682506", "price": 0.13937, "amount": 73.0, "side": "buy", "timestamp": 1764998792501}, {"id": "977682507", "price": 0.13936, "amount": 336.0, "side": "sell", "timestamp": 1764998793864}, {"id": "977682508", "price": 0.13937, "amount": 717.0, "side": "buy", "timestamp": 1764998794659}, {"id": "977682509", "price": 0.13936, "amount": 570.0, "side": "sell", "timestamp": 1764998795045}, {"id": "977682510", "price": 0.13935, "amount": 17482.0, "side": "sell", "timestamp": 1764998795645}, {"id": "977682511", "price": 0.13934, "amount": 185.0, "side": "sell", "timestamp": 1764998796425}, {"id": "977682512", "price": 0.13934, "amount": 225.0, "side": "sell", "timestamp": 1764998797624}, {"id": "977682513", "price": 0.13934, "amount": 14350.0, "side": "sell", "timestamp": 1764998798790}, {"id": "977682514", "price": 0.13934, "amount": 43.0, "side": "sell", "timestamp": 1764998799514}, {"id": "977682515", "price": 0.13934, "amount": 44.0, "side": "sell", "timestamp": 1764998800000}, {"id": "977682516", "price": 0.13934, "amount": 38.0, "side": "sell", "timestamp": 1764998800256}, {"id": "977682517", "price": 0.13934, "amount": 3026.0, "side": "sell", "timestamp": 1764998801874}, {"id": "977682518", "price": 0.13934, "amount": 179.0, "side": "sell", "timestamp": 1764998802050}, {"id": "977682519", "price": 0.13934, "amount": 6211.0, "side": "sell", "timestamp": 1764998803623}, {"id": "977682520", "price": 0.13935, "amount": 60.0, "side": "buy", "timestamp": 1764998803712}, {"id": "977682521", "price": 0.13934, "amount": 186.0, "side": "sell", "timestamp": 1764998804189}, {"id": "977682522", "price": 0.13935, "amount": 7549.0, "side": "buy", "timestamp": 1764998804217}, {"id": "977682523", "price": 0.13934, "amount": 101.0, "side": "sell", "timestamp": 1764998804686}, {"id": "977682524", "price": 0.13934, "amount": 151638.0, "side": "sell", "timestamp": 1764998804867}, {"id": "977682525", "price": 0.13933, "amount": 338796.0, "side": "sell", "timestamp": 1764998804867}, {"id": "977682526", "price": 0.13932, "amount": 109566.0, "side": "sell", "timestamp": 1764998804867}, {"id": "977682527", "price": 0.13934, "amount": 128588.0, "side": "buy", "timestamp": 1764998805148}, {"id": "977682528", "price": 0.13935, "amount": 138060.0, "side": "buy", "timestamp": 1764998805160}, {"id": "977682529", "price": 0.13936, "amount": 12484.0, "side": "buy", "timestamp": 1764998805317}, {"id": "977682530", "price": 0.13935, "amount": 42497.0, "side": "sell", "timestamp": 1764998805571}, {"id": "977682531", "price": 0.13936, "amount": 431.0, "side": "buy", "timestamp": 1764998806225}, {"id": "977682532", "price": 0.13935, "amount": 40.0, "side": "sell", "timestamp": 1764998807173}, {"id": "977682533", "price": 0.13936, "amount": 107.0, "side": "buy", "timestamp": 1764998807595}, {"id": "977682534", "price": 0.13935, "amount": 10564.0, "side": "sell", "timestamp": 1764998808520}, {"id": "977682574", "price": 0.13931, "amount": 149.0, "side": "sell", "timestamp": 1764998835343}, {"id": "977682575", "price": 0.13931, "amount": 92795.0, "side": "sell", "timestamp": 1764998837818}, {"id": "977682576", "price": 0.13931, "amount": 373.0, "side": "buy", "timestamp": 1764998837950}, {"id": "977682577", "price": 0.1393, "amount": 2758.0, "side": "sell", "timestamp": 1764998838511}, {"id": "977682578", "price": 0.1393, "amount": 1124.0, "side": "sell", "timestamp": 1764998838650}, {"id": "977682579", "price": 0.1393, "amount": 69778.0, "side": "sell", "timestamp": 1764998839601}, {"id": "977682580", "price": 0.13929, "amount": 538.0, "side": "sell", "timestamp": 1764998840202}, {"id": "977682581", "price": 0.1393, "amount": 2719.0, "side": "buy", "timestamp": 1764998840246}, {"id": "977682582", "price": 0.13929, "amount": 142.0, "side": "sell", "timestamp": 1764998841524}, {"id": "977682583", "price": 0.13929, "amount": 19930.0, "side": "sell", "timestamp": 1764998842032}, {"id": "977682584", "price": 0.1393, "amount": 587.0, "side": "buy", "timestamp": 1764998842032}, {"id": "977682585", "price": 0.13929, "amount": 150.0, "side": "sell", "timestamp": 1764998842032}, {"id": "977682586", "price": 0.13929, "amount": 22184.0, "side": "sell", "timestamp": 1764998843558}, {"id": "977682587", "price": 0.13928, "amount": 235.0, "side": "sell", "timestamp": 1764998843777}, {"id": "977682588", "price": 0.13928, "amount": 2508.0, "side": "sell", "timestamp": 1764998844253}, {"id": "977682589", "price": 0.13928, "amount": 15905.0, "side": "sell", "timestamp": 1764998844669}, {"id": "977682590", "price": 0.13929, "amount": 489.0, "side": "buy", "timestamp": 1764998845212}, {"id": "977682591", "price": 0.13929, "amount": 143.0, "side": "buy", "timestamp": 1764998845917}, {"id": "977682592", "price": 0.13928, "amount": 16169.0, "side": "sell", "timestamp": 1764998846220}, {"id": "977682593", "price": 0.13927, "amount": 54.0, "side": "sell", "timestamp": 1764998846839}, {"id": "977682594", "price": 0.13927, "amount": 16190.0, "side": "sell", "timestamp": 1764998847268}, {"id": "977682595", "price": 0.13928, "amount": 159.0, "side": "buy", "timestamp": 1764998847477}, {"id": "977682596", "price": 0.13927, "amount": 42.0, "side": "sell", "timestamp": 1764998847482}, {"id": "977682597", "price": 0.13928, "amount": 10902.0, "side": "buy", "timestamp": 1764998847517}, {"id": "977682598", "price": 0.13928, "amount": 7179.0, "side": "buy", "timestamp": 1764998847921}, {"id": "977682599", "price": 0.13927, "amount": 1065.0, "side": "sell", "timestamp": 1764998847924}, {"id": "977682600", "price": 0.13927, "amount": 54760.0, "side": "sell", "timestamp": 1764998848047}, {"id": "977682601", "price": 0.13926, "amount": 10258.0, "side": "sell", "timestamp": 1764998848189}, {"id": "977682602", "price": 0.13926, "amount": 343.0, "side": "sell", "timestamp": 1764998848696}, {"id": "977682603", "price": 0.13926, "amount": 3952.0, "side": "sell", "timestamp": 1764998849057}, {"id": "977682604", "price": 0.13926, "amount": 17156.0, "side": "sell", "timestamp": 1764998850529}, {"id": "977682605", "price": 0.13925, "amount": 51429.0, "side": "sell", "timestamp": 1764998851031}, {"id": "977682606", "price": 0.13924, "amount": 2265.0, "side": "sell", "timestamp": 1764998851031}, {"id": "977682607", "price": 0.13925, "amount": 72.0, "side": "buy", "timestamp": 1764998851041}, {"id": "977682608", "price": 0.13924, "amount": 72.0, "side": "sell", "timestamp": 1764998851063}, {"id": "977682609", "price": 0.13924, "amount": 68.0, "side": "sell", "timestamp": 1764998851458}, {"id": "977682610", "price": 0.13925, "amount": 3590.0, "side": "buy", "timestamp": 1764998851786}, {"id": "977682611", "price": 0.13924, "amount": 72.0, "side": "sell", "timestamp": 1764998851986}, {"id": "977682612", "price": 0.13925, "amount": 538.0, "side": "buy", "timestamp": 1764998852087}, {"id": "977682613", "price": 0.13925, "amount": 78552.0, "side": "buy", "timestamp": 1764998852314}, {"id": "977682614", "price": 0.13926, "amount": 91692.0, "side": "buy", "timestamp": 1764998852321}, {"id": "977682615", "price": 0.13926, "amount": 24623.0, "side": "sell", "timestamp": 1764998853055}, {"id": "977682616", "price": 0.13926, "amount": 7958.0, "side": "sell", "timestamp": 1764998853519}, {"id": "977682617", "price": 0.13927, "amount": 86.0, "side": "buy", "timestamp": 1764998855664}, {"id": "977682618", "price": 0.13926, "amount": 9410.0, "side": "sell", "timestamp": 1764998857505}, {"id": "977682619", "price": 0.13927, "amount": 7048.0, "side": "buy", "timestamp": 1764998858266}, {"id": "977682620", "price": 0.13926, "amount": 348.0, "side": "sell", "timestamp": 1764998859212}, {"id": "977682621", "price": 0.13926, "amount": 2058.0, "side": "sell", "timestamp": 1764998859514}, {"id": "977682622", "price": 0.13925, "amount": 6859.0, "side": "sell", "timestamp": 1764998859514}, {"id": "977682623", "price": 0.13925, "amount": 670.0, "side": "sell", "timestamp": 1764998859868}, {"id": "977682638", "price": 0.13925, "amount": 715.0, "side": "sell", "timestamp": 1764998872350}, {"id": "977682639", "price": 0.13925, "amount": 146.0, "side": "sell", "timestamp": 1764998877064}, {"id": "977682640", "price": 0.13925, "amount": 44836.0, "side": "sell", "timestamp": 1764998880687}, {"id": "977682641", "price": 0.13925, "amount": 58846.0, "side": "sell", "timestamp": 1764998880961}, {"id": "977682642", "price": 0.13925, "amount": 80.0, "side": "sell", "timestamp": 1764998881274}, {"id": "977682643", "price": 0.13925, "amount": 19921.0, "side": "sell", "timestamp": 1764998881677}, {"id": "977682644", "price": 0.13925, "amount": 46.0, "side": "buy", "timestamp": 1764998884357}, {"id": "977682645", "price": 0.13925, "amount": 113.0, "side": "buy", "timestamp": 1764998884712}, {"id": "977682646", "price": 0.13925, "amount": 257.0, "side": "buy", "timestamp": 1764998884848}, {"id": "977682647", "price": 0.13925, "amount": 318.0, "side": "buy", "timestamp": 1764998885194}, {"id": "977682648", "price": 0.13925, "amount": 280.0, "side": "buy", "timestamp": 1764998885317}, {"id": "977682649", "price": 0.13925, "amount": 114.0, "side": "buy", "timestamp": 1764998885572}, {"id": "977682650", "price": 0.13925, "amount": 194.0, "side": "buy", "timestamp": 1764998886248}, {"id": "977682651", "price": 0.13925, "amount": 130.0, "side": "buy", "timestamp": 1764998887281}, {"id": "977682652", "price": 0.13925, "amount": 151.0, "side": "buy", "timestamp": 1764998887421}, {"id": "977682653", "price": 0.13924, "amount": 40.0, "side": "sell", "timestamp": 1764998887615}, {"id": "977682654", "price": 0.13924, "amount": 36.0, "side": "sell", "timestamp": 1764998889794}, {"id": "977682655", "price": 0.13925, "amount": 95200.0, "side": "buy", "timestamp": 1764998890287}, {"id": "977682656", "price": 0.13925, "amount": 1088.0, "side": "buy", "timestamp": 1764998890939}, {"id": "977682657", "price": 0.13925, "amount": 2527.0, "side": "buy", "timestamp": 1764998891112}, {"id": "977682658", "price": 0.13924, "amount": 835.0, "side": "sell", "timestamp": 1764998891215}, {"id": "977682659", "price": 0.13925, "amount": 86.0, "side": "buy", "timestamp": 1764998891665}, {"id": "977682660", "price": 0.13924, "amount": 37.0, "side": "sell", "timestamp": 1764998892754}, {"id": "977682661", "price": 0.13925, "amount": 43.0, "side": "buy", "timestamp": 1764998893238}, {"id": "977682662", "price": 0.13925, "amount": 51.0, "side": "buy", "timestamp": 1764998894311}, {"id": "977682663", "price": 0.13925, "amount": 5037.0, "side": "buy", "timestamp": 1764998895393}, {"id": "977682664", "price": 0.13924, "amount": 236.0, "side": "sell", "timestamp": 1764998896248}, {"id": "977682665", "price": 0.13925, "amount": 8310.0, "side": "buy", "timestamp": 1764998896576}, {"id": "977682666", "price": 0.13925, "amount": 71.0, "side": "buy", "timestamp": 1764998897276}, {"id": "977682667", "price": 0.13924, "amount": 12461.0, "side": "sell", "timestamp": 1764998897767}, {"id": "977682668", "price": 0.13924, "amount": 80147.0, "side": "sell", "timestamp": 1764998899031}, {"id": "977682669", "price": 0.13923, "amount": 260.0, "side": "sell", "timestamp": 1764998899433}, {"id": "977682670", "price": 0.13923, "amount": 281.0, "side": "sell", "timestamp": 1764998900055}, {"id": "977682671", "price": 0.13923, "amount": 39.0, "side": "sell", "timestamp": 1764998901028}, {"id": "977682672", "price": 0.13924, "amount": 5666.0, "side": "buy", "timestamp": 1764998902134}, {"id": "977682673", "price": 0.13923, "amount": 1711.0, "side": "sell", "timestamp": 1764998902678}, {"id": "977682674", "price": 0.13923, "amount": 189.0, "side": "sell", "timestamp": 1764998903570}, {"id": "977682675", "price": 0.13924, "amount": 198.0, "side": "buy", "timestamp": 1764998903742}, {"id": "977682676", "price": 0.13923, "amount": 10000.0, "side": "sell", "timestamp": 1764998904369}, {"id": "977682677", "price": 0.13924, "amount": 115.0, "side": "buy", "timestamp": 1764998904387}, {"id": "977682678", "price": 0.13923, "amount": 83.0, "side": "sell", "timestamp": 1764998904393}, {"id": "977682679", "price": 0.13923, "amount": 208.0, "side": "sell", "timestamp": 1764998904503}, {"id": "977682680", "price": 0.13924, "amount": 72.0, "side": "buy", "timestamp": 1764998904704}, {"id": "977682681", "price": 0.13923, "amount": 68.0, "side": "sell", "timestamp": 1764998904766}, {"id": "977682682", "price": 0.13924, "amount": 215.0, "side": "buy", "timestamp": 1764998905415}, {"id": "977682683", "price": 0.13924, "amount": 4408.0, "side": "buy", "timestamp": 1764998905917}, {"id": "977682684", "price": 0.13924, "amount": 418.0, "side": "buy", "timestamp": 1764998906213}, {"id": "977682685", "price": 0.13923, "amount": 38.0, "side": "sell", "timestamp": 1764998907064}, {"id": "977682686", "price": 0.13924, "amount": 6770.0, "side": "buy", "timestamp": 1764998911106}, {"id": "977682687", "price": 0.13923, "amount": 4096.0, "side": "sell", "timestamp": 1764998911472}, {"id": "977682705", "price": 0.13923, "amount": 80.0, "side": "sell", "timestamp": 1764998934118}, {"id": "977682706", "price": 0.13923, "amount": 50395.0, "side": "sell", "timestamp": 1764998935235}, {"id": "977682707", "price": 0.13922, "amount": 304.0, "side": "sell", "timestamp": 1764998937678}, {"id": "977682708", "price": 0.13922, "amount": 753.0, "side": "sell", "timestamp": 1764998938264}, {"id": "977682709", "price": 0.13922, "amount": 1018.0, "side": "sell", "timestamp": 1764998939405}, {"id": "977682710", "price": 0.13922, "amount": 37.0, "side": "sell", "timestamp": 1764998940630}, {"id": "977682711", "price": 0.13923, "amount": 124.0, "side": "buy", "timestamp": 1764998943066}, {"id": "977682712", "price": 0.13923, "amount": 293.0, "side": "buy", "timestamp": 1764998943255}, {"id": "977682713", "price": 0.13923, "amount": 282.0, "side": "buy", "timestamp": 1764998943424}, {"id": "977682714", "price": 0.13923, "amount": 3806.0, "side": "buy", "timestamp": 1764998943580}, {"id": "977682715", "price": 0.13923, "amount": 41977.0, "side": "buy", "timestamp": 1764998944101}, {"id": "977682716", "price": 0.13924, "amount": 67311.0, "side": "buy", "timestamp": 1764998944125}, {"id": "977682717", "price": 0.13925, "amount": 113772.0, "side": "buy", "timestamp": 1764998944179}, {"id": "977682718", "price": 0.13925, "amount": 36.0, "side": "sell", "timestamp": 1764998944218}, {"id": "977682719", "price": 0.13926, "amount": 5923.0, "side": "buy", "timestamp": 1764998944224}, {"id": "977682720", "price": 0.13926, "amount": 753.0, "side": "buy", "timestamp": 1764998945032}, {"id": "977682721", "price": 0.13926, "amount": 93.0, "side": "buy", "timestamp": 1764998945216}, {"id": "977682722", "price": 0.13926, "amount": 96.0, "side": "buy", "timestamp": 1764998945328}, {"id": "977682723", "price": 0.13926, "amount": 40.0, "side": "buy", "timestamp": 1764998945628}, {"id": "977682724", "price": 0.13926, "amount": 1725.0, "side": "buy", "timestamp": 1764998946580}, {"id": "977682725", "price": 0.13926, "amount": 497.0, "side": "buy", "timestamp": 1764998946784}, {"id": "977682726", "price": 0.13925, "amount": 544.0, "side": "sell", "timestamp": 1764998948085}, {"id": "977682727", "price": 0.13925, "amount": 363.0, "side": "sell", "timestamp": 1764998948216}, {"id": "977682728", "price": 0.13926, "amount": 919.0, "side": "buy", "timestamp": 1764998948536}, {"id": "977682729", "price": 0.13926, "amount": 2174.0, "side": "buy", "timestamp": 1764998949042}, {"id": "977682730", "price": 0.13926, "amount": 7061.0, "side": "buy", "timestamp": 1764998949166}, {"id": "977682731", "price": 0.13926, "amount": 3000.0, "side": "buy", "timestamp": 1764998949295}, {"id": "977682732", "price": 0.13925, "amount": 165.0, "side": "sell", "timestamp": 1764998950394}, {"id": "977682733", "price": 0.13925, "amount": 39.0, "side": "sell", "timestamp": 1764998951697}, {"id": "977682734", "price": 0.13926, "amount": 3800.0, "side": "buy", "timestamp": 1764998952230}, {"id": "977682735", "price": 0.13926, "amount": 2000.0, "side": "buy", "timestamp": 1764998954216}, {"id": "977682736", "price": 0.13926, "amount": 1182.0, "side": "buy", "timestamp": 1764998955168}, {"id": "977682737", "price": 0.13925, "amount": 245.0, "side": "sell", "timestamp": 1764998955242}, {"id": "977682738", "price": 0.13925, "amount": 25544.0, "side": "sell", "timestamp": 1764998955653}, {"id": "977682739", "price": 0.13925, "amount": 65.0, "side": "sell", "timestamp": 1764998955813}, {"id": "977682740", "price": 0.13925, "amount": 5375.0, "side": "sell", "timestamp": 1764998956697}, {"id": "977682741", "price": 0.13925, "amount": 405.0, "side": "sell", "timestamp": 1764998957338}, {"id": "977682742", "price": 0.13926, "amount": 11517.0, "side": "buy", "timestamp": 1764998957941}, {"id": "977682743", "price": 0.13926, "amount": 44.0, "side": "buy", "timestamp": 1764998958894}, {"id": "977682744", "price": 0.13926, "amount": 40.0, "side": "buy", "timestamp": 1764998959771}, {"id": "977682745", "price": 0.13925, "amount": 2151.0, "side": "sell", "timestamp": 1764998961878}, {"id": "977682746", "price": 0.13925, "amount": 1036.0, "side": "sell", "timestamp": 1764998962018}, {"id": "977682747", "price": 0.13926, "amount": 135343.0, "side": "buy", "timestamp": 1764998962072}, {"id": "977682748", "price": 0.13927, "amount": 65162.0, "side": "buy", "timestamp": 1764998962077}, {"id": "977682749", "price": 0.13928, "amount": 375162.0, "side": "buy", "timestamp": 1764998962082}, {"id": "977682750", "price": 0.13929, "amount": 170.0, "side": "buy", "timestamp": 1764998962140}, {"id": "977682751", "price": 0.13928, "amount": 764.0, "side": "sell", "timestamp": 1764998962274}, {"id": "977682752", "price": 0.13929, "amount": 359.0, "side": "buy", "timestamp": 1764998962689}, {"id": "977682753", "price": 0.13928, "amount": 7976.0, "side": "sell", "timestamp": 1764998963253}, {"id": "977682754", "price": 0.13929, "amount": 12888.0, "side": "buy", "timestamp": 1764998963441}, {"id": "977682786", "price": 0.13932, "amount": 40149.0, "side": "sell", "timestamp": 1764998984049}, {"id": "977682787", "price": 0.13931, "amount": 76679.0, "side": "sell", "timestamp": 1764998984346}, {"id": "977682788", "price": 0.13932, "amount": 1787.0, "side": "buy", "timestamp": 1764998985923}, {"id": "977682789", "price": 0.13931, "amount": 39817.0, "side": "sell", "timestamp": 1764998986272}, {"id": "977682790", "price": 0.1393, "amount": 35945.0, "side": "sell", "timestamp": 1764998986435}, {"id": "977682791", "price": 0.1393, "amount": 130172.0, "side": "sell", "timestamp": 1764998986558}, {"id": "977682792", "price": 0.13929, "amount": 26042.0, "side": "sell", "timestamp": 1764998986558}, {"id": "977682793", "price": 0.13929, "amount": 787.0, "side": "sell", "timestamp": 1764998987851}, {"id": "977682794", "price": 0.13929, "amount": 64.0, "side": "sell", "timestamp": 1764998991509}, {"id": "977682795", "price": 0.13929, "amount": 1327.0, "side": "sell", "timestamp": 1764998993286}, {"id": "977682796", "price": 0.1393, "amount": 209.0, "side": "buy", "timestamp": 1764998993726}, {"id": "977682797", "price": 0.13929, "amount": 12278.0, "side": "sell", "timestamp": 1764998996070}, {"id": "977682798", "price": 0.1393, "amount": 355.0, "side": "buy", "timestamp": 1764998996132}, {"id": "977682799", "price": 0.13929, "amount": 7158.0, "side": "sell", "timestamp": 1764998996373}, {"id": "977682800", "price": 0.1393, "amount": 82.0, "side": "buy", "timestamp": 1764998997624}, {"id": "977682801", "price": 0.13929, "amount": 21807.0, "side": "sell", "timestamp": 1764998997779}, {"id": "977682802", "price": 0.13929, "amount": 3245.0, "side": "sell", "timestamp": 1764998998844}, {"id": "977682803", "price": 0.1393, "amount": 85.0, "side": "buy", "timestamp": 1764998999665}, {"id": "977682804", "price": 0.13929, "amount": 321.0, "side": "sell", "timestamp": 1764999000140}, {"id": "977682805", "price": 0.1393, "amount": 108.0, "side": "buy", "timestamp": 1764999000520}, {"id": "977682806", "price": 0.13929, "amount": 3686.0, "side": "sell", "timestamp": 1764999000572}, {"id": "977682807", "price": 0.1393, "amount": 548.0, "side": "buy", "timestamp": 1764999000635}, {"id": "977682808", "price": 0.1393, "amount": 179.0, "side": "buy", "timestamp": 1764999000787}, {"id": "977682809", "price": 0.13929, "amount": 69133.0, "side": "sell", "timestamp": 1764999001243}, {"id": "977682810", "price": 0.13929, "amount": 422.0, "side": "buy", "timestamp": 1764999001282}, {"id": "977682811", "price": 0.13928, "amount": 137.0, "side": "sell", "timestamp": 1764999001324}, {"id": "977682812", "price": 0.13929, "amount": 1151.0, "side": "buy", "timestamp": 1764999001790}, {"id": "977682813", "price": 0.13929, "amount": 10000.0, "side": "buy", "timestamp": 1764999001958}, {"id": "977682814", "price": 0.13928, "amount": 57.0, "side": "sell", "timestamp": 1764999002048}, {"id": "977682815", "price": 0.13928, "amount": 21539.0, "side": "sell", "timestamp": 1764999003208}, {"id": "977682816", "price": 0.13928, "amount": 234.0, "side": "sell", "timestamp": 1764999003445}, {"id": "977682817", "price": 0.13929, "amount": 4.0, "side": "buy", "timestamp": 1764999004645}, {"id": "977682818", "price": 0.13928, "amount": 45.0, "side": "sell", "timestamp": 1764999005242}, {"id": "977682819", "price": 0.13928, "amount": 1180.0, "side": "sell", "timestamp": 1764999005659}, {"id": "977682820", "price": 0.13929, "amount": 63.0, "side": "buy", "timestamp": 1764999006959}, {"id": "977682821", "price": 0.13929, "amount": 76.0, "side": "buy", "timestamp": 1764999008470}, {"id": "977682822", "price": 0.13929, "amount": 251.0, "side": "buy", "timestamp": 1764999009326}, {"id": "977682823", "price": 0.13928, "amount": 220.0, "side": "sell", "timestamp": 1764999009361}, {"id": "977682824", "price": 0.13929, "amount": 692.0, "side": "buy", "timestamp": 1764999009367}, {"id": "977682825", "price": 0.13928, "amount": 1176.0, "side": "sell", "timestamp": 1764999009629}, {"id": "977682826", "price": 0.13929, "amount": 1.0, "side": "buy", "timestamp": 1764999010079}, {"id": "977682827", "price": 0.13929, "amount": 11736.0, "side": "buy", "timestamp": 1764999010277}, {"id": "977682828", "price": 0.13928, "amount": 903.0, "side": "sell", "timestamp": 1764999011271}, {"id": "977682829", "price": 0.13928, "amount": 1407.0, "side": "sell", "timestamp": 1764999011387}, {"id": "977682830", "price": 0.13928, "amount": 5922.0, "side": "sell", "timestamp": 1764999011583}, {"id": "977682831", "price": 0.13929, "amount": 2654.0, "side": "buy", "timestamp": 1764999012901}, {"id": "977682832", "price": 0.13929, "amount": 80.0, "side": "sell", "timestamp": 1764999013116}, {"id": "977682833", "price": 0.1393, "amount": 251.0, "side": "buy", "timestamp": 1764999014228}, {"id": "977682834", "price": 0.13929, "amount": 76.0, "side": "sell", "timestamp": 1764999014437}, {"id": "977682835", "price": 0.1393, "amount": 229.0, "side": "buy", "timestamp": 1764999015172}, {"id": "977682852", "price": 0.13928, "amount": 3589.0, "side": "buy", "timestamp": 1764999027268}, {"id": "977682853", "price": 0.13928, "amount": 15.0, "side": "buy", "timestamp": 1764999028265}, {"id": "977682854", "price": 0.13928, "amount": 2153.0, "side": "buy", "timestamp": 1764999029491}, {"id": "977682855", "price": 0.13927, "amount": 6676.0, "side": "sell", "timestamp": 1764999029858}, {"id": "977682856", "price": 0.13927, "amount": 21540.0, "side": "sell", "timestamp": 1764999031314}, {"id": "977682857", "price": 0.13928, "amount": 12151.0, "side": "buy", "timestamp": 1764999031535}, {"id": "977682858", "price": 0.13929, "amount": 42190.0, "side": "buy", "timestamp": 1764999031535}, {"id": "977682859", "price": 0.13929, "amount": 217.0, "side": "buy", "timestamp": 1764999031695}, {"id": "977682860", "price": 0.1393, "amount": 9.0, "side": "buy", "timestamp": 1764999031738}, {"id": "977682861", "price": 0.13929, "amount": 505.0, "side": "sell", "timestamp": 1764999032806}, {"id": "977682862", "price": 0.13928, "amount": 73.0, "side": "sell", "timestamp": 1764999032864}, {"id": "977682863", "price": 0.13927, "amount": 86584.0, "side": "sell", "timestamp": 1764999034109}, {"id": "977682864", "price": 0.13926, "amount": 1440.0, "side": "sell", "timestamp": 1764999034133}, {"id": "977682865", "price": 0.13927, "amount": 43488.0, "side": "buy", "timestamp": 1764999034484}, {"id": "977682866", "price": 0.13928, "amount": 73.0, "side": "buy", "timestamp": 1764999034533}, {"id": "977682867", "price": 0.13928, "amount": 920.0, "side": "sell", "timestamp": 1764999034676}, {"id": "977682868", "price": 0.13928, "amount": 86.0, "side": "sell", "timestamp": 1764999035668}, {"id": "977682869", "price": 0.13928, "amount": 88.0, "side": "sell", "timestamp": 1764999036039}, {"id": "977682870", "price": 0.13929, "amount": 100.0, "side": "buy", "timestamp": 1764999036120}, {"id": "977682871", "price": 0.13928, "amount": 630.0, "side": "sell", "timestamp": 1764999036293}, {"id": "977682872", "price": 0.13927, "amount": 32706.0, "side": "sell", "timestamp": 1764999037231}, {"id": "977682873", "price": 0.13926, "amount": 206.0, "side": "sell", "timestamp": 1764999038472}, {"id": "977682874", "price": 0.13926, "amount": 103.0, "side": "sell", "timestamp": 1764999039401}, {"id": "977682875", "price": 0.13927, "amount": 2275.0, "side": "buy", "timestamp": 1764999039411}, {"id": "977682876", "price": 0.13927, "amount": 280.0, "side": "buy", "timestamp": 1764999041463}, {"id": "977682877", "price": 0.13927, "amount": 7.0, "side": "buy", "timestamp": 1764999043345}, {"id": "977682878", "price": 0.13926, "amount": 78.0, "side": "sell", "timestamp": 1764999044856}, {"id": "977682879", "price": 0.13927, "amount": 9.0, "side": "buy", "timestamp": 1764999046410}, {"id": "977682880", "price": 0.13927, "amount": 349.0, "side": "buy", "timestamp": 1764999047418}, {"id": "977682881", "price": 0.13927, "amount": 38.0, "side": "buy", "timestamp": 1764999049035}, {"id": "977682882", "price": 0.13926, "amount": 234.0, "side": "sell", "timestamp": 1764999050785}, {"id": "977682883", "price": 0.13926, "amount": 320.0, "side": "sell", "timestamp": 1764999052329}, {"id": "977682884", "price": 0.13926, "amount": 509.0, "side": "sell", "timestamp": 1764999052867}, {"id": "977682885", "price": 0.13927, "amount": 81.0, "side": "buy", "timestamp": 1764999057593}, {"id": "977682886", "price": 0.13927, "amount": 9.0, "side": "buy", "timestamp": 1764999058212}, {"id": "977682887", "price": 0.13927, "amount": 128.0, "side": "buy", "timestamp": 1764999060382}, {"id": "977682888", "price": 0.13927, "amount": 1667.0, "side": "buy", "timestamp": 1764999061138}, {"id": "977682889", "price": 0.13926, "amount": 199.0, "side": "sell", "timestamp": 1764999061415}, {"id": "977682890", "price": 0.13927, "amount": 32311.0, "side": "buy", "timestamp": 1764999061868}, {"id": "977682891", "price": 0.13926, "amount": 876.0, "side": "sell", "timestamp": 1764999062378}, {"id": "977682892", "price": 0.13926, "amount": 7635.0, "side": "sell", "timestamp": 1764999063086}, {"id": "977682893", "price": 0.13927, "amount": 120.0, "side": "buy", "timestamp": 1764999063113}, {"id": "977682894", "price": 0.13926, "amount": 3003.0, "side": "sell", "timestamp": 1764999063117}, {"id": "977682895", "price": 0.13926, "amount": 601.0, "side": "buy", "timestamp": 1764999063260}, {"id": "977682896", "price": 0.13926, "amount": 81.0, "side": "buy", "timestamp": 1764999063427}, {"id": "977682897", "price": 0.13926, "amount": 212.0, "side": "buy", "timestamp": 1764999063649}, {"id": "977682898", "price": 0.13926, "amount": 181.0, "side": "buy", "timestamp": 1764999064117}, {"id": "977682899", "price": 0.13926, "amount": 153.0, "side": "buy", "timestamp": 1764999064560}, {"id": "977682900", "price": 0.13926, "amount": 76.0, "side": "buy", "timestamp": 1764999065237}, {"id": "977682901", "price": 0.13925, "amount": 17335.0, "side": "sell", "timestamp": 1764999066699}, {"id": "977682917", "price": 0.13924, "amount": 37.0, "side": "sell", "timestamp": 1764999078584}, {"id": "977682918", "price": 0.13924, "amount": 80.0, "side": "sell", "timestamp": 1764999079115}, {"id": "977682919", "price": 0.13925, "amount": 20.0, "side": "buy", "timestamp": 1764999079119}, {"id": "977682920", "price": 0.13925, "amount": 201.0, "side": "buy", "timestamp": 1764999079766}, {"id": "977682921", "price": 0.13924, "amount": 4946.0, "side": "sell", "timestamp": 1764999079926}, {"id": "977682922", "price": 0.13924, "amount": 846.0, "side": "sell", "timestamp": 1764999080487}, {"id": "977682923", "price": 0.13925, "amount": 423.0, "side": "buy", "timestamp": 1764999080487}, {"id": "977682924", "price": 0.13924, "amount": 60.0, "side": "sell", "timestamp": 1764999081393}, {"id": "977682925", "price": 0.13924, "amount": 1060.0, "side": "sell", "timestamp": 1764999081765}, {"id": "977682926", "price": 0.13924, "amount": 2154.0, "side": "sell", "timestamp": 1764999082503}, {"id": "977682927", "price": 0.13925, "amount": 140.0, "side": "buy", "timestamp": 1764999083242}, {"id": "977682928", "price": 0.13924, "amount": 915.0, "side": "sell", "timestamp": 1764999083892}, {"id": "977682929", "price": 0.13924, "amount": 147.0, "side": "sell", "timestamp": 1764999084902}, {"id": "977682930", "price": 0.13924, "amount": 84.0, "side": "sell", "timestamp": 1764999085040}, {"id": "977682931", "price": 0.13925, "amount": 418.0, "side": "buy", "timestamp": 1764999085167}, {"id": "977682932", "price": 0.13925, "amount": 3000.0, "side": "buy", "timestamp": 1764999085300}, {"id": "977682933", "price": 0.13924, "amount": 431.0, "side": "sell", "timestamp": 1764999085995}, {"id": "977682934", "price": 0.13924, "amount": 5386.0, "side": "sell", "timestamp": 1764999086327}, {"id": "977682935", "price": 0.13924, "amount": 63.0, "side": "sell", "timestamp": 1764999086527}, {"id": "977682936", "price": 0.13925, "amount": 64.0, "side": "buy", "timestamp": 1764999086943}, {"id": "977682937", "price": 0.13924, "amount": 74.0, "side": "sell", "timestamp": 1764999089726}, {"id": "977682938", "price": 0.13925, "amount": 2487.0, "side": "buy", "timestamp": 1764999090060}, {"id": "977682939", "price": 0.13924, "amount": 494.0, "side": "sell", "timestamp": 1764999090567}, {"id": "977682940", "price": 0.13924, "amount": 51.0, "side": "sell", "timestamp": 1764999091088}, {"id": "977682941", "price": 0.13925, "amount": 269.0, "side": "buy", "timestamp": 1764999093015}, {"id": "977682942", "price": 0.13924, "amount": 127.0, "side": "sell", "timestamp": 1764999093092}, {"id": "977682943", "price": 0.13925, "amount": 10.0, "side": "buy", "timestamp": 1764999094396}, {"id": "977682944", "price": 0.13924, "amount": 81.0, "side": "sell", "timestamp": 1764999094879}, {"id": "977682945", "price": 0.13924, "amount": 47.0, "side": "sell", "timestamp": 1764999095095}, {"id": "977682946", "price": 0.13924, "amount": 398.0, "side": "sell", "timestamp": 1764999095200}, {"id": "977682947", "price": 0.13925, "amount": 5385.0, "side": "buy", "timestamp": 1764999096751}, {"id": "977682948", "price": 0.13924, "amount": 6133.0, "side": "sell", "timestamp": 1764999097079}, {"id": "977682949", "price": 0.13925, "amount": 11.0, "side": "buy", "timestamp": 1764999097448}, {"id": "977682950", "price": 0.13924, "amount": 36166.0, "side": "sell", "timestamp": 1764999099619}, {"id": "977682951", "price": 0.13924, "amount": 84.0, "side": "sell", "timestamp": 1764999099914}, {"id": "977682952", "price": 0.13925, "amount": 432.0, "side": "buy", "timestamp": 1764999100676}, {"id": "977682953", "price": 0.13924, "amount": 39.0, "side": "sell", "timestamp": 1764999102721}, {"id": "977682954", "price": 0.13924, "amount": 22900.0, "side": "sell", "timestamp": 1764999103300}, {"id": "977682955", "price": 0.13925, "amount": 20.0, "side": "buy", "timestamp": 1764999104630}, {"id": "977682956", "price": 0.13924, "amount": 80.0, "side": "sell", "timestamp": 1764999105064}, {"id": "977682957", "price": 0.13924, "amount": 69.0, "side": "sell", "timestamp": 1764999105485}, {"id": "977682958", "price": 0.13924, "amount": 1436.0, "side": "sell", "timestamp": 1764999106419}, {"id": "977682959", "price": 0.13925, "amount": 86.0, "side": "buy", "timestamp": 1764999107664}, {"id": "977682960", "price": 0.13924, "amount": 58.0, "side": "sell", "timestamp": 1764999108743}, {"id": "977682961", "price": 0.13924, "amount": 76.0, "side": "sell", "timestamp": 1764999110027}, {"id": "977682962", "price": 0.13925, "amount": 9.0, "side": "buy", "timestamp": 1764999110714}, {"id": "977682963", "price": 0.13925, "amount": 39.0, "side": "buy", "timestamp": 1764999111387}, {"id": "977682964", "price": 0.13924, "amount": 41.0, "side": "sell", "timestamp": 1764999112693}, {"id": "977682965", "price": 0.13925, "amount": 10.0, "side": "buy", "timestamp": 1764999115692}, {"id": "977682966", "price": 0.13925, "amount": 90222.0, "side": "buy", "timestamp": 1764999117590}, {"id": "977682999", "price": 0.13925, "amount": 1.0, "side": "buy", "timestamp": 1764999134484}, {"id": "977683000", "price": 0.13924, "amount": 78.0, "side": "sell", "timestamp": 1764999134774}, {"id": "977683001", "price": 0.13924, "amount": 147.0, "side": "sell", "timestamp": 1764999135246}, {"id": "977683002", "price": 0.13924, "amount": 955.0, "side": "sell", "timestamp": 1764999136931}, {"id": "977683003", "price": 0.13925, "amount": 9.0, "side": "buy", "timestamp": 1764999137266}, {"id": "977683004", "price": 0.13924, "amount": 107526.0, "side": "sell", "timestamp": 1764999137416}, {"id": "977683005", "price": 0.13925, "amount": 129.0, "side": "buy", "timestamp": 1764999138567}, {"id": "977683006", "price": 0.13924, "amount": 858.0, "side": "sell", "timestamp": 1764999138906}, {"id": "977683007", "price": 0.13923, "amount": 75.0, "side": "sell", "timestamp": 1764999139936}, {"id": "977683008", "price": 0.13924, "amount": 2573.0, "side": "buy", "timestamp": 1764999139971}, {"id": "977683009", "price": 0.13923, "amount": 474.0, "side": "sell", "timestamp": 1764999140025}, {"id": "977683010", "price": 0.13923, "amount": 474.0, "side": "sell", "timestamp": 1764999140481}, {"id": "977683011", "price": 0.13923, "amount": 474.0, "side": "sell", "timestamp": 1764999142137}, {"id": "977683012", "price": 0.13924, "amount": 1790.0, "side": "buy", "timestamp": 1764999142388}, {"id": "977683013", "price": 0.13924, "amount": 85.0, "side": "buy", "timestamp": 1764999143663}, {"id": "977683014", "price": 0.13923, "amount": 106.0, "side": "sell", "timestamp": 1764999144151}, {"id": "977683015", "price": 0.13923, "amount": 82.0, "side": "sell", "timestamp": 1764999145014}, {"id": "977683016", "price": 0.13924, "amount": 10.0, "side": "buy", "timestamp": 1764999145278}, {"id": "977683017", "price": 0.13924, "amount": 418.0, "side": "buy", "timestamp": 1764999145871}, {"id": "977683018", "price": 0.13924, "amount": 4.0, "side": "buy", "timestamp": 1764999146598}, {"id": "977683019", "price": 0.13923, "amount": 159.0, "side": "sell", "timestamp": 1764999147157}, {"id": "977683020", "price": 0.13923, "amount": 3664.0, "side": "sell", "timestamp": 1764999147403}, {"id": "977683021", "price": 0.13923, "amount": 80.0, "side": "sell", "timestamp": 1764999148117}, {"id": "977683022", "price": 0.13924, "amount": 12.0, "side": "buy", "timestamp": 1764999148425}, {"id": "977683023", "price": 0.13923, "amount": 35932.0, "side": "sell", "timestamp": 1764999149323}, {"id": "977683024", "price": 0.13923, "amount": 598.0, "side": "sell", "timestamp": 1764999149733}, {"id": "977683025", "price": 0.13923, "amount": 62.0, "side": "sell", "timestamp": 1764999153030}, {"id": "977683026", "price": 0.13924, "amount": 149540.0, "side": "buy", "timestamp": 1764999153579}, {"id": "977683027", "price": 0.13924, "amount": 2120.0, "side": "buy", "timestamp": 1764999153731}, {"id": "977683028", "price": 0.13923, "amount": 738.0, "side": "sell", "timestamp": 1764999154439}, {"id": "977683029", "price": 0.13924, "amount": 2847.0, "side": "buy", "timestamp": 1764999156259}, {"id": "977683030", "price": 0.13923, "amount": 2118.0, "side": "sell", "timestamp": 1764999156339}, {"id": "977683031", "price": 0.13923, "amount": 13550.0, "side": "sell", "timestamp": 1764999156605}, {"id": "977683032", "price": 0.13924, "amount": 5058.0, "side": "buy", "timestamp": 1764999156790}, {"id": "977683033", "price": 0.13924, "amount": 288.0, "side": "sell", "timestamp": 1764999157653}, {"id": "977683034", "price": 0.13924, "amount": 216.0, "side": "sell", "timestamp": 1764999158362}, {"id": "977683035", "price": 0.13924, "amount": 423.0, "side": "sell", "timestamp": 1764999160991}, {"id": "977683036", "price": 0.13925, "amount": 21.0, "side": "buy", "timestamp": 1764999161250}, {"id": "977683037", "price": 0.13925, "amount": 2240.0, "side": "buy", "timestamp": 1764999161822}, {"id": "977683038", "price": 0.13924, "amount": 8617.0, "side": "sell", "timestamp": 1764999162627}, {"id": "977683039", "price": 0.13923, "amount": 5383.0, "side": "sell", "timestamp": 1764999162627}, {"id": "977683040", "price": 0.13924, "amount": 3811.0, "side": "buy", "timestamp": 1764999163561}, {"id": "977683041", "price": 0.13923, "amount": 83751.0, "side": "sell", "timestamp": 1764999164430}, {"id": "977683042", "price": 0.13923, "amount": 3125.0, "side": "buy", "timestamp": 1764999164591}, {"id": "977683043", "price": 0.13923, "amount": 646.0, "side": "buy", "timestamp": 1764999164693}, {"id": "977683044", "price": 0.13922, "amount": 658.0, "side": "sell", "timestamp": 1764999165865}, {"id": "977683045", "price": 0.13922, "amount": 1324.0, "side": "sell", "timestamp": 1764999166107}, {"id": "977683046", "price": 0.13923, "amount": 38.0, "side": "buy", "timestamp": 1764999169528}, {"id": "977683047", "price": 0.13922, "amount": 370.0, "side": "sell", "timestamp": 1764999169653}, {"id": "977683048", "price": 0.13922, "amount": 85.0, "side": "sell", "timestamp": 1764999169780}, {"id": "977683094", "price": 0.13918, "amount": 50.0, "side": "sell", "timestamp": 1764999194390}, {"id": "977683095", "price": 0.13918, "amount": 71.0, "side": "sell", "timestamp": 1764999194780}, {"id": "977683096", "price": 0.13919, "amount": 26957.0, "side": "buy", "timestamp": 1764999194895}, {"id": "977683097", "price": 0.13918, "amount": 162.0, "side": "sell", "timestamp": 1764999195243}, {"id": "977683098", "price": 0.13919, "amount": 8.0, "side": "buy", "timestamp": 1764999195321}, {"id": "977683099", "price": 0.13918, "amount": 3894.0, "side": "sell", "timestamp": 1764999195413}, {"id": "977683100", "price": 0.13918, "amount": 80.0, "side": "sell", "timestamp": 1764999196189}, {"id": "977683101", "price": 0.13919, "amount": 10.0, "side": "buy", "timestamp": 1764999196294}, {"id": "977683102", "price": 0.13918, "amount": 347.0, "side": "sell", "timestamp": 1764999196311}, {"id": "977683103", "price": 0.13918, "amount": 37431.0, "side": "sell", "timestamp": 1764999196553}, {"id": "977683104", "price": 0.13918, "amount": 43.0, "side": "buy", "timestamp": 1764999198848}, {"id": "977683105", "price": 0.13918, "amount": 11.0, "side": "buy", "timestamp": 1764999199484}, {"id": "977683106", "price": 0.13918, "amount": 5.0, "side": "buy", "timestamp": 1764999199722}, {"id": "977683107", "price": 0.13917, "amount": 78.0, "side": "sell", "timestamp": 1764999200029}, {"id": "977683108", "price": 0.13918, "amount": 8113.0, "side": "buy", "timestamp": 1764999200625}, {"id": "977683109", "price": 0.13918, "amount": 253.0, "side": "buy", "timestamp": 1764999201725}, {"id": "977683110", "price": 0.13917, "amount": 264.0, "side": "sell", "timestamp": 1764999204889}, {"id": "977683111", "price": 0.13918, "amount": 58.0, "side": "buy", "timestamp": 1764999205033}, {"id": "977683112", "price": 0.13918, "amount": 418.0, "side": "buy", "timestamp": 1764999205325}, {"id": "977683113", "price": 0.13918, "amount": 1.0, "side": "buy", "timestamp": 1764999205952}, {"id": "977683114", "price": 0.13918, "amount": 1.0, "side": "buy", "timestamp": 1764999206146}, {"id": "977683115", "price": 0.13918, "amount": 19.0, "side": "buy", "timestamp": 1764999206574}, {"id": "977683116", "price": 0.13917, "amount": 43.0, "side": "sell", "timestamp": 1764999206757}, {"id": "977683117", "price": 0.13918, "amount": 11.0, "side": "buy", "timestamp": 1764999206806}, {"id": "977683118", "price": 0.13917, "amount": 69.0, "side": "sell", "timestamp": 1764999206960}, {"id": "977683119", "price": 0.13918, "amount": 6.0, "side": "buy", "timestamp": 1764999206974}, {"id": "977683120", "price": 0.13917, "amount": 338690.0, "side": "sell", "timestamp": 1764999208233}, {"id": "977683121", "price": 0.13916, "amount": 785049.0, "side": "sell", "timestamp": 1764999208237}, {"id": "977683122", "price": 0.13915, "amount": 26571.0, "side": "sell", "timestamp": 1764999208299}, {"id": "977683123", "price": 0.13916, "amount": 8608.0, "side": "buy", "timestamp": 1764999208411}, {"id": "977683124", "price": 0.13916, "amount": 413.0, "side": "buy", "timestamp": 1764999208539}, {"id": "977683125", "price": 0.13915, "amount": 127.0, "side": "sell", "timestamp": 1764999208787}, {"id": "977683126", "price": 0.13915, "amount": 4433.0, "side": "sell", "timestamp": 1764999209184}, {"id": "977683127", "price": 0.13915, "amount": 81.0, "side": "sell", "timestamp": 1764999209984}, {"id": "977683128", "price": 0.13915, "amount": 20155.0, "side": "sell", "timestamp": 1764999211042}, {"id": "977683129", "price": 0.13916, "amount": 143.0, "side": "buy", "timestamp": 1764999211042}, {"id": "977683130", "price": 0.13916, "amount": 2.0, "side": "buy", "timestamp": 1764999211744}, {"id": "977683131", "price": 0.13915, "amount": 249.0, "side": "sell", "timestamp": 1764999213201}, {"id": "977683132", "price": 0.13915, "amount": 2994.0, "side": "sell", "timestamp": 1764999213732}, {"id": "977683133", "price": 0.13915, "amount": 84.0, "side": "sell", "timestamp": 1764999214728}, {"id": "977683134", "price": 0.13915, "amount": 18684.0, "side": "sell", "timestamp": 1764999215021}, {"id": "977683135", "price": 0.13916, "amount": 5.0, "side": "buy", "timestamp": 1764999215111}, {"id": "977683136", "price": 0.13915, "amount": 80.0, "side": "sell", "timestamp": 1764999215231}, {"id": "977683137", "price": 0.13915, "amount": 37.0, "side": "sell", "timestamp": 1764999215817}, {"id": "977683138", "price": 0.13915, "amount": 680.0, "side": "sell", "timestamp": 1764999216249}, {"id": "977683139", "price": 0.13916, "amount": 9.0, "side": "buy", "timestamp": 1764999217340}, {"id": "977683140", "price": 0.13915, "amount": 552.0, "side": "sell", "timestamp": 1764999217670}, {"id": "977683141", "price": 0.13916, "amount": 4.0, "side": "buy", "timestamp": 1764999217894}, {"id": "977683142", "price": 0.13915, "amount": 50.0, "side": "sell", "timestamp": 1764999219401}, {"id": "977683143", "price": 0.13915, "amount": 84.0, "side": "sell", "timestamp": 1764999219826}, {"id": "977683251", "price": 0.13902, "amount": 6127.0, "side": "sell", "timestamp": 1764999257880}, {"id": "977683252", "price": 0.13901, "amount": 531.0, "side": "sell", "timestamp": 1764999257954}, {"id": "977683253", "price": 0.13901, "amount": 7723.0, "side": "buy", "timestamp": 1764999258032}, {"id": "977683254", "price": 0.139, "amount": 352924.0, "side": "sell", "timestamp": 1764999258033}, {"id": "977683255", "price": 0.139, "amount": 19495.0, "side": "sell", "timestamp": 1764999258218}, {"id": "977683256", "price": 0.139, "amount": 3334.0, "side": "sell", "timestamp": 1764999258431}, {"id": "977683257", "price": 0.139, "amount": 1280.0, "side": "sell", "timestamp": 1764999258772}, {"id": "977683258", "price": 0.139, "amount": 1706.0, "side": "sell", "timestamp": 1764999258896}, {"id": "977683259", "price": 0.139, "amount": 4571.0, "side": "sell", "timestamp": 1764999259012}, {"id": "977683260", "price": 0.139, "amount": 10276.0, "side": "sell", "timestamp": 1764999259156}, {"id": "977683261", "price": 0.139, "amount": 86.0, "side": "sell", "timestamp": 1764999259935}, {"id": "977683262", "price": 0.139, "amount": 720.0, "side": "sell", "timestamp": 1764999260251}, {"id": "977683263", "price": 0.139, "amount": 55.0, "side": "sell", "timestamp": 1764999260352}, {"id": "977683264", "price": 0.13901, "amount": 58.0, "side": "buy", "timestamp": 1764999260671}, {"id": "977683265", "price": 0.139, "amount": 5756.0, "side": "sell", "timestamp": 1764999261044}, {"id": "977683266", "price": 0.139, "amount": 35688.0, "side": "sell", "timestamp": 1764999261604}, {"id": "977683267", "price": 0.139, "amount": 33105.0, "side": "sell", "timestamp": 1764999262034}, {"id": "977683268", "price": 0.139, "amount": 333.0, "side": "sell", "timestamp": 1764999262912}, {"id": "977683269", "price": 0.13901, "amount": 1390.0, "side": "buy", "timestamp": 1764999263062}, {"id": "977683270", "price": 0.139, "amount": 81.0, "side": "sell", "timestamp": 1764999263596}, {"id": "977683271", "price": 0.139, "amount": 147742.0, "side": "sell", "timestamp": 1764999264865}, {"id": "977683272", "price": 0.13901, "amount": 418.0, "side": "buy", "timestamp": 1764999265075}, {"id": "977683273", "price": 0.139, "amount": 873.0, "side": "sell", "timestamp": 1764999265443}, {"id": "977683274", "price": 0.139, "amount": 81.0, "side": "sell", "timestamp": 1764999266074}, {"id": "977683275", "price": 0.13901, "amount": 5250.0, "side": "buy", "timestamp": 1764999266131}, {"id": "977683276", "price": 0.139, "amount": 503.0, "side": "sell", "timestamp": 1764999266390}, {"id": "977683277", "price": 0.13901, "amount": 12.0, "side": "buy", "timestamp": 1764999267224}, {"id": "977683278", "price": 0.139, "amount": 50.0, "side": "sell", "timestamp": 1764999268487}, {"id": "977683279", "price": 0.13901, "amount": 5.0, "side": "buy", "timestamp": 1764999268500}, {"id": "977683280", "price": 0.139, "amount": 627.0, "side": "sell", "timestamp": 1764999268628}, {"id": "977683281", "price": 0.139, "amount": 36633.0, "side": "sell", "timestamp": 1764999269437}, {"id": "977683282", "price": 0.139, "amount": 76.0, "side": "sell", "timestamp": 1764999269912}, {"id": "977683283", "price": 0.139, "amount": 6956.0, "side": "sell", "timestamp": 1764999270044}, {"id": "977683284", "price": 0.13901, "amount": 307.0, "side": "buy", "timestamp": 1764999270045}, {"id": "977683285", "price": 0.139, "amount": 112178.0, "side": "sell", "timestamp": 1764999270045}, {"id": "977683286", "price": 0.13901, "amount": 10000.0, "side": "buy", "timestamp": 1764999270045}, {"id": "977683287", "price": 0.139, "amount": 22681.0, "side": "sell", "timestamp": 1764999270045}, {"id": "977683288", "price": 0.13899, "amount": 46401.0, "side": "sell", "timestamp": 1764999270045}, {"id": "977683289", "price": 0.13901, "amount": 6676.0, "side": "buy", "timestamp": 1764999270045}, {"id": "977683290", "price": 0.139, "amount": 715.0, "side": "buy", "timestamp": 1764999270045}, {"id": "977683291", "price": 0.13899, "amount": 80833.0, "side": "sell", "timestamp": 1764999270045}, {"id": "977683292", "price": 0.139, "amount": 1161.0, "side": "buy", "timestamp": 1764999270045}, {"id": "977683293", "price": 0.13899, "amount": 24543.0, "side": "sell", "timestamp": 1764999270059}, {"id": "977683294", "price": 0.139, "amount": 800.0, "side": "buy", "timestamp": 1764999270061}, {"id": "977683295", "price": 0.139, "amount": 9.0, "side": "buy", "timestamp": 1764999270438}, {"id": "977683296", "price": 0.139, "amount": 563.0, "side": "buy", "timestamp": 1764999270636}, {"id": "977683297", "price": 0.139, "amount": 597.0, "side": "buy", "timestamp": 1764999270863}, {"id": "977683298", "price": 0.13899, "amount": 74.0, "side": "sell", "timestamp": 1764999270870}, {"id": "977683299", "price": 0.139, "amount": 33524.0, "side": "buy", "timestamp": 1764999271025}, {"id": "977683300", "price": 0.139, "amount": 82.0, "side": "sell", "timestamp": 1764999271122}, {"id": "977683336", "price": 0.1391, "amount": 4.0, "side": "buy", "timestamp": 1764999292431}, {"id": "977683337", "price": 0.1391, "amount": 6.0, "side": "buy", "timestamp": 1764999293156}, {"id": "977683338", "price": 0.1391, "amount": 400.0, "side": "buy", "timestamp": 1764999294539}, {"id": "977683339", "price": 0.13909, "amount": 416.0, "side": "sell", "timestamp": 1764999294923}, {"id": "977683340", "price": 0.1391, "amount": 5.0, "side": "buy", "timestamp": 1764999295136}, {"id": "977683341", "price": 0.1391, "amount": 1017.0, "side": "buy", "timestamp": 1764999296776}, {"id": "977683342", "price": 0.1391, "amount": 191.0, "side": "buy", "timestamp": 1764999297298}, {"id": "977683343", "price": 0.13911, "amount": 88257.0, "side": "buy", "timestamp": 1764999297482}, {"id": "977683344", "price": 0.13912, "amount": 7.0, "side": "buy", "timestamp": 1764999297618}, {"id": "977683345", "price": 0.13912, "amount": 3.0, "side": "buy", "timestamp": 1764999297892}, {"id": "977683346", "price": 0.13911, "amount": 80.0, "side": "sell", "timestamp": 1764999298116}, {"id": "977683347", "price": 0.13912, "amount": 56.0, "side": "buy", "timestamp": 1764999299453}, {"id": "977683348", "price": 0.13911, "amount": 861.0, "side": "sell", "timestamp": 1764999301274}, {"id": "977683349", "price": 0.13912, "amount": 1.0, "side": "buy", "timestamp": 1764999302070}, {"id": "977683350", "price": 0.13911, "amount": 718.0, "side": "sell", "timestamp": 1764999303330}, {"id": "977683351", "price": 0.13911, "amount": 55611.0, "side": "sell", "timestamp": 1764999303589}, {"id": "977683352", "price": 0.13911, "amount": 330.0, "side": "buy", "timestamp": 1764999304030}, {"id": "977683353", "price": 0.13911, "amount": 36.0, "side": "buy", "timestamp": 1764999304604}, {"id": "977683354", "price": 0.13911, "amount": 50.0, "side": "buy", "timestamp": 1764999305312}, {"id": "977683355", "price": 0.1391, "amount": 3098.0, "side": "sell", "timestamp": 1764999305430}, {"id": "977683356", "price": 0.13911, "amount": 5.0, "side": "buy", "timestamp": 1764999305569}, {"id": "977683357", "price": 0.13911, "amount": 232.0, "side": "buy", "timestamp": 1764999305805}, {"id": "977683358", "price": 0.13911, "amount": 694.0, "side": "buy", "timestamp": 1764999306277}, {"id": "977683359", "price": 0.13911, "amount": 587.0, "side": "buy", "timestamp": 1764999306466}, {"id": "977683360", "price": 0.13911, "amount": 314.0, "side": "buy", "timestamp": 1764999306689}, {"id": "977683361", "price": 0.1391, "amount": 389.0, "side": "sell", "timestamp": 1764999307753}, {"id": "977683362", "price": 0.13911, "amount": 13389.0, "side": "buy", "timestamp": 1764999309282}, {"id": "977683363", "price": 0.1391, "amount": 3294.0, "side": "sell", "timestamp": 1764999309390}, {"id": "977683364", "price": 0.13911, "amount": 1942.0, "side": "buy", "timestamp": 1764999309563}, {"id": "977683365", "price": 0.13912, "amount": 4.0, "side": "buy", "timestamp": 1764999312282}, {"id": "977683366", "price": 0.13912, "amount": 807.0, "side": "buy", "timestamp": 1764999312555}, {"id": "977683367", "price": 0.13913, "amount": 45981.0, "side": "buy", "timestamp": 1764999312567}, {"id": "977683368", "price": 0.13914, "amount": 90859.0, "side": "buy", "timestamp": 1764999312570}, {"id": "977683369", "price": 0.13914, "amount": 2192.0, "side": "sell", "timestamp": 1764999312869}, {"id": "977683370", "price": 0.13914, "amount": 2882.0, "side": "sell", "timestamp": 1764999313369}, {"id": "977683371", "price": 0.13915, "amount": 15204.0, "side": "buy", "timestamp": 1764999313962}, {"id": "977683372", "price": 0.13916, "amount": 5042.0, "side": "buy", "timestamp": 1764999313963}, {"id": "977683373", "price": 0.13917, "amount": 3.0, "side": "buy", "timestamp": 1764999314613}, {"id": "977683374", "price": 0.13917, "amount": 6692.0, "side": "buy", "timestamp": 1764999315476}, {"id": "977683375", "price": 0.13917, "amount": 2.0, "side": "buy", "timestamp": 1764999316667}, {"id": "977683376", "price": 0.13917, "amount": 29.0, "side": "buy", "timestamp": 1764999318455}, {"id": "977683377", "price": 0.13917, "amount": 317.0, "side": "buy", "timestamp": 1764999319355}, {"id": "977683378", "price": 0.13916, "amount": 100.0, "side": "sell", "timestamp": 1764999321185}, {"id": "977683379", "price": 0.13917, "amount": 95.0, "side": "buy", "timestamp": 1764999321264}, {"id": "977683380", "price": 0.13917, "amount": 2954.0, "side": "buy", "timestamp": 1764999321425}, {"id": "977683381", "price": 0.13916, "amount": 1000.0, "side": "sell", "timestamp": 1764999322112}, {"id": "977683382", "price": 0.13917, "amount": 69.0, "side": "buy", "timestamp": 1764999322800}, {"id": "977683383", "price": 0.13917, "amount": 22710.0, "side": "buy", "timestamp": 1764999323211}, {"id": "977683384", "price": 0.13918, "amount": 19882.0, "side": "buy", "timestamp": 1764999323334}, {"id": "977683385", "price": 0.13917, "amount": 86.0, "side": "sell", "timestamp": 1764999323667}, {"id": "977683412", "price": 0.13922, "amount": 49.0, "side": "buy", "timestamp": 1764999346141}, {"id": "977683413", "price": 0.13921, "amount": 351.0, "side": "sell", "timestamp": 1764999346353}, {"id": "977683414", "price": 0.13922, "amount": 260.0, "side": "buy", "timestamp": 1764999346783}, {"id": "977683415", "price": 0.13921, "amount": 152.0, "side": "sell", "timestamp": 1764999348941}, {"id": "977683416", "price": 0.13921, "amount": 127.0, "side": "sell", "timestamp": 1764999349661}, {"id": "977683417", "price": 0.13921, "amount": 131.0, "side": "sell", "timestamp": 1764999350421}, {"id": "977683418", "price": 0.13922, "amount": 323.0, "side": "buy", "timestamp": 1764999350597}, {"id": "977683419", "price": 0.13922, "amount": 14505.0, "side": "buy", "timestamp": 1764999350935}, {"id": "977683420", "price": 0.13922, "amount": 2210.0, "side": "buy", "timestamp": 1764999351515}, {"id": "977683421", "price": 0.13922, "amount": 10201.0, "side": "buy", "timestamp": 1764999351780}, {"id": "977683422", "price": 0.13922, "amount": 258241.0, "side": "buy", "timestamp": 1764999352164}, {"id": "977683423", "price": 0.13923, "amount": 3000.0, "side": "buy", "timestamp": 1764999352339}, {"id": "977683424", "price": 0.13922, "amount": 14554.0, "side": "sell", "timestamp": 1764999352783}, {"id": "977683425", "price": 0.13923, "amount": 69.0, "side": "buy", "timestamp": 1764999353027}, {"id": "977683426", "price": 0.13922, "amount": 304.0, "side": "sell", "timestamp": 1764999353212}, {"id": "977683427", "price": 0.13922, "amount": 74.0, "side": "sell", "timestamp": 1764999353976}, {"id": "977683428", "price": 0.13922, "amount": 152.0, "side": "sell", "timestamp": 1764999354442}, {"id": "977683429", "price": 0.13922, "amount": 42.0, "side": "sell", "timestamp": 1764999354640}, {"id": "977683430", "price": 0.13922, "amount": 36043.0, "side": "sell", "timestamp": 1764999355482}, {"id": "977683431", "price": 0.13923, "amount": 1130.0, "side": "buy", "timestamp": 1764999355788}, {"id": "977683432", "price": 0.13922, "amount": 665.0, "side": "sell", "timestamp": 1764999356302}, {"id": "977683433", "price": 0.13923, "amount": 72.0, "side": "buy", "timestamp": 1764999356351}, {"id": "977683434", "price": 0.13922, "amount": 260.0, "side": "sell", "timestamp": 1764999356534}, {"id": "977683435", "price": 0.13923, "amount": 39.0, "side": "buy", "timestamp": 1764999356625}, {"id": "977683436", "price": 0.13923, "amount": 74.0, "side": "buy", "timestamp": 1764999357852}, {"id": "977683437", "price": 0.13922, "amount": 161.0, "side": "sell", "timestamp": 1764999359666}, {"id": "977683438", "price": 0.13922, "amount": 74.0, "side": "sell", "timestamp": 1764999360684}, {"id": "977683439", "price": 0.13922, "amount": 45.0, "side": "sell", "timestamp": 1764999361463}, {"id": "977683440", "price": 0.13923, "amount": 103.0, "side": "buy", "timestamp": 1764999361822}, {"id": "977683441", "price": 0.13923, "amount": 221.0, "side": "buy", "timestamp": 1764999362296}, {"id": "977683442", "price": 0.13923, "amount": 941.0, "side": "buy", "timestamp": 1764999363429}, {"id": "977683443", "price": 0.13923, "amount": 47.0, "side": "buy", "timestamp": 1764999364343}, {"id": "977683444", "price": 0.13923, "amount": 98.0, "side": "buy", "timestamp": 1764999365012}, {"id": "977683445", "price": 0.13922, "amount": 47.0, "side": "sell", "timestamp": 1764999365043}, {"id": "977683446", "price": 0.13923, "amount": 614.0, "side": "buy", "timestamp": 1764999365282}, {"id": "977683447", "price": 0.13923, "amount": 53.0, "side": "buy", "timestamp": 1764999365394}, {"id": "977683448", "price": 0.13923, "amount": 43.0, "side": "buy", "timestamp": 1764999365516}, {"id": "977683449", "price": 0.13923, "amount": 322.0, "side": "buy", "timestamp": 1764999365695}, {"id": "977683450", "price": 0.13923, "amount": 176.0, "side": "buy", "timestamp": 1764999365932}, {"id": "977683451", "price": 0.13923, "amount": 69.0, "side": "buy", "timestamp": 1764999366582}, {"id": "977683452", "price": 0.13922, "amount": 200000.0, "side": "sell", "timestamp": 1764999366954}, {"id": "977683453", "price": 0.13922, "amount": 94783.0, "side": "sell", "timestamp": 1764999367659}, {"id": "977683454", "price": 0.13921, "amount": 124604.0, "side": "sell", "timestamp": 1764999368373}, {"id": "977683455", "price": 0.1392, "amount": 80.0, "side": "sell", "timestamp": 1764999370057}, {"id": "977683456", "price": 0.13921, "amount": 34.0, "side": "buy", "timestamp": 1764999370074}, {"id": "977683457", "price": 0.1392, "amount": 45.0, "side": "sell", "timestamp": 1764999370083}, {"id": "977683458", "price": 0.1392, "amount": 42.0, "side": "sell", "timestamp": 1764999370477}, {"id": "977683459", "price": 0.1392, "amount": 72.0, "side": "sell", "timestamp": 1764999370580}, {"id": "977683460", "price": 0.1392, "amount": 78.0, "side": "sell", "timestamp": 1764999372002}, {"id": "977683461", "price": 0.1392, "amount": 82.0, "side": "sell", "timestamp": 1764999375070}, {"id": "977683473", "price": 0.13923, "amount": 63203.0, "side": "buy", "timestamp": 1764999387598}, {"id": "977683474", "price": 0.13923, "amount": 37.0, "side": "sell", "timestamp": 1764999387882}, {"id": "977683475", "price": 0.13924, "amount": 54.0, "side": "buy", "timestamp": 1764999388021}, {"id": "977683476", "price": 0.13923, "amount": 80.0, "side": "sell", "timestamp": 1764999388106}, {"id": "977683477", "price": 0.13924, "amount": 2848.0, "side": "buy", "timestamp": 1764999388528}, {"id": "977683478", "price": 0.13924, "amount": 49.0, "side": "buy", "timestamp": 1764999391258}, {"id": "977683479", "price": 0.13923, "amount": 91502.0, "side": "sell", "timestamp": 1764999393983}, {"id": "977683480", "price": 0.13923, "amount": 69.0, "side": "buy", "timestamp": 1764999394725}, {"id": "977683481", "price": 0.13922, "amount": 3198.0, "side": "sell", "timestamp": 1764999395672}, {"id": "977683482", "price": 0.13922, "amount": 38.0, "side": "sell", "timestamp": 1764999395968}, {"id": "977683483", "price": 0.13923, "amount": 3922.0, "side": "buy", "timestamp": 1764999397178}, {"id": "977683484", "price": 0.13923, "amount": 1167.0, "side": "buy", "timestamp": 1764999398772}, {"id": "977683485", "price": 0.13922, "amount": 72.0, "side": "sell", "timestamp": 1764999399957}, {"id": "977683486", "price": 0.13923, "amount": 3800.0, "side": "buy", "timestamp": 1764999401044}, {"id": "977683487", "price": 0.13923, "amount": 196.0, "side": "buy", "timestamp": 1764999401771}, {"id": "977683488", "price": 0.13923, "amount": 149.0, "side": "buy", "timestamp": 1764999402868}, {"id": "977683489", "price": 0.13923, "amount": 160.0, "side": "buy", "timestamp": 1764999403099}, {"id": "977683490", "price": 0.13922, "amount": 909.0, "side": "sell", "timestamp": 1764999404424}, {"id": "977683491", "price": 0.13922, "amount": 48.0, "side": "sell", "timestamp": 1764999404546}, {"id": "977683492", "price": 0.13922, "amount": 70.0, "side": "sell", "timestamp": 1764999405018}, {"id": "977683493", "price": 0.13922, "amount": 1732.0, "side": "sell", "timestamp": 1764999405512}, {"id": "977683494", "price": 0.13922, "amount": 7404.0, "side": "sell", "timestamp": 1764999408895}, {"id": "977683495", "price": 0.13923, "amount": 37.0, "side": "buy", "timestamp": 1764999408929}, {"id": "977683496", "price": 0.13922, "amount": 77.0, "side": "sell", "timestamp": 1764999410044}, {"id": "977683497", "price": 0.13923, "amount": 12469.0, "side": "buy", "timestamp": 1764999410504}, {"id": "977683498", "price": 0.13923, "amount": 69.0, "side": "buy", "timestamp": 1764999411084}, {"id": "977683499", "price": 0.13922, "amount": 43.0, "side": "sell", "timestamp": 1764999412153}, {"id": "977683500", "price": 0.13922, "amount": 3.0, "side": "sell", "timestamp": 1764999412930}, {"id": "977683501", "price": 0.13923, "amount": 3800.0, "side": "buy", "timestamp": 1764999413800}, {"id": "977683502", "price": 0.13922, "amount": 48.0, "side": "sell", "timestamp": 1764999414808}, {"id": "977683503", "price": 0.13922, "amount": 219.0, "side": "sell", "timestamp": 1764999417229}, {"id": "977683504", "price": 0.13922, "amount": 41.0, "side": "sell", "timestamp": 1764999418433}, {"id": "977683505", "price": 0.13923, "amount": 13217.0, "side": "buy", "timestamp": 1764999419761}, {"id": "977683506", "price": 0.13923, "amount": 1101.0, "side": "buy", "timestamp": 1764999420150}, {"id": "977683507", "price": 0.13923, "amount": 731.0, "side": "sell", "timestamp": 1764999420340}, {"id": "977683508", "price": 0.13924, "amount": 139.0, "side": "buy", "timestamp": 1764999420380}, {"id": "977683509", "price": 0.13924, "amount": 246.0, "side": "buy", "timestamp": 1764999420701}, {"id": "977683510", "price": 0.13924, "amount": 998.0, "side": "buy", "timestamp": 1764999420879}, {"id": "977683511", "price": 0.13924, "amount": 545.0, "side": "buy", "timestamp": 1764999421291}, {"id": "977683512", "price": 0.13924, "amount": 3589.0, "side": "buy", "timestamp": 1764999421953}, {"id": "977683513", "price": 0.13923, "amount": 154.0, "side": "sell", "timestamp": 1764999423779}, {"id": "977683514", "price": 0.13924, "amount": 3589.0, "side": "buy", "timestamp": 1764999424050}, {"id": "977683515", "price": 0.13923, "amount": 261.0, "side": "sell", "timestamp": 1764999424576}, {"id": "977683516", "price": 0.13923, "amount": 151.0, "side": "sell", "timestamp": 1764999425157}, {"id": "977683517", "price": 0.13924, "amount": 45.0, "side": "buy", "timestamp": 1764999425345}, {"id": "977683518", "price": 0.13924, "amount": 38.0, "side": "buy", "timestamp": 1764999425486}, {"id": "977683519", "price": 0.13924, "amount": 498.0, "side": "buy", "timestamp": 1764999426047}, {"id": "977683520", "price": 0.13924, "amount": 69.0, "side": "buy", "timestamp": 1764999427219}, {"id": "977683521", "price": 0.13923, "amount": 42.0, "side": "sell", "timestamp": 1764999427595}, {"id": "977683522", "price": 0.13923, "amount": 117431.0, "side": "sell", "timestamp": 1764999428010}, {"id": "977683541", "price": 0.13928, "amount": 37683.0, "side": "buy", "timestamp": 1764999439241}, {"id": "977683542", "price": 0.13927, "amount": 3757.0, "side": "sell", "timestamp": 1764999440308}, {"id": "977683543", "price": 0.13928, "amount": 301.0, "side": "buy", "timestamp": 1764999444089}, {"id": "977683544", "price": 0.13928, "amount": 418.0, "side": "buy", "timestamp": 1764999444748}, {"id": "977683545", "price": 0.13927, "amount": 39.0, "side": "sell", "timestamp": 1764999444993}, {"id": "977683546", "price": 0.13928, "amount": 444.0, "side": "buy", "timestamp": 1764999445324}, {"id": "977683547", "price": 0.13928, "amount": 1665.0, "side": "buy", "timestamp": 1764999445663}, {"id": "977683548", "price": 0.13928, "amount": 1213.0, "side": "buy", "timestamp": 1764999446140}, {"id": "977683549", "price": 0.13927, "amount": 188.0, "side": "sell", "timestamp": 1764999446546}, {"id": "977683550", "price": 0.13927, "amount": 788.0, "side": "sell", "timestamp": 1764999448877}, {"id": "977683551", "price": 0.13927, "amount": 67.0, "side": "sell", "timestamp": 1764999449364}, {"id": "977683552", "price": 0.13927, "amount": 233.0, "side": "sell", "timestamp": 1764999449790}, {"id": "977683553", "price": 0.13927, "amount": 120.0, "side": "sell", "timestamp": 1764999449943}, {"id": "977683554", "price": 0.13927, "amount": 83.0, "side": "sell", "timestamp": 1764999451278}, {"id": "977683555", "price": 0.13927, "amount": 36.0, "side": "sell", "timestamp": 1764999451537}, {"id": "977683556", "price": 0.13927, "amount": 115596.0, "side": "sell", "timestamp": 1764999452935}, {"id": "977683557", "price": 0.13926, "amount": 224815.0, "side": "sell", "timestamp": 1764999452937}, {"id": "977683558", "price": 0.13925, "amount": 41.0, "side": "sell", "timestamp": 1764999454393}, {"id": "977683559", "price": 0.13925, "amount": 52.0, "side": "sell", "timestamp": 1764999454713}, {"id": "977683560", "price": 0.13925, "amount": 83.0, "side": "sell", "timestamp": 1764999454925}, {"id": "977683561", "price": 0.13925, "amount": 4977.0, "side": "sell", "timestamp": 1764999456284}, {"id": "977683562", "price": 0.13926, "amount": 8020.0, "side": "buy", "timestamp": 1764999457171}, {"id": "977683563", "price": 0.13927, "amount": 21270.0, "side": "buy", "timestamp": 1764999460856}, {"id": "977683564", "price": 0.13928, "amount": 94552.0, "side": "buy", "timestamp": 1764999460856}, {"id": "977683565", "price": 0.13928, "amount": 1792.0, "side": "buy", "timestamp": 1764999461062}, {"id": "977683566", "price": 0.13927, "amount": 80.0, "side": "sell", "timestamp": 1764999461111}, {"id": "977683567", "price": 0.13928, "amount": 273.0, "side": "buy", "timestamp": 1764999461743}, {"id": "977683568", "price": 0.13928, "amount": 358.0, "side": "buy", "timestamp": 1764999462860}, {"id": "977683569", "price": 0.13927, "amount": 63.0, "side": "sell", "timestamp": 1764999463575}, {"id": "977683570", "price": 0.13927, "amount": 3.0, "side": "sell", "timestamp": 1764999467664}, {"id": "977683571", "price": 0.13928, "amount": 1648.0, "side": "buy", "timestamp": 1764999467971}, {"id": "977683572", "price": 0.13928, "amount": 14623.0, "side": "buy", "timestamp": 1764999468204}, {"id": "977683573", "price": 0.13928, "amount": 160.0, "side": "buy", "timestamp": 1764999468354}, {"id": "977683574", "price": 0.13927, "amount": 241.0, "side": "sell", "timestamp": 1764999468839}, {"id": "977683575", "price": 0.13927, "amount": 43.0, "side": "sell", "timestamp": 1764999468984}, {"id": "977683576", "price": 0.13927, "amount": 313.0, "side": "sell", "timestamp": 1764999471775}, {"id": "977683577", "price": 0.13928, "amount": 5234.0, "side": "buy", "timestamp": 1764999472023}, {"id": "977683578", "price": 0.13928, "amount": 4745.0, "side": "buy", "timestamp": 1764999472757}, {"id": "977683579", "price": 0.13928, "amount": 3000.0, "side": "buy", "timestamp": 1764999473478}, {"id": "977683580", "price": 0.13928, "amount": 100.0, "side": "buy", "timestamp": 1764999474224}, {"id": "977683581", "price": 0.13928, "amount": 7203.0, "side": "buy", "timestamp": 1764999474442}, {"id": "977683582", "price": 0.13927, "amount": 51.0, "side": "sell", "timestamp": 1764999475813}, {"id": "977683583", "price": 0.13927, "amount": 569.0, "side": "sell", "timestamp": 1764999477783}, {"id": "977683584", "price": 0.13928, "amount": 4812.0, "side": "buy", "timestamp": 1764999478098}, {"id": "977683585", "price": 0.13927, "amount": 7180.0, "side": "sell", "timestamp": 1764999479008}, {"id": "977683586", "price": 0.13928, "amount": 12597.0, "side": "buy", "timestamp": 1764999479336}, {"id": "977683587", "price": 0.13929, "amount": 4448.0, "side": "buy", "timestamp": 1764999479345}, {"id": "977683588", "price": 0.13928, "amount": 263.0, "side": "sell", "timestamp": 1764999479910}, {"id": "977683589", "price": 0.13928, "amount": 38.0, "side": "sell", "timestamp": 1764999480259}, {"id": "977683590", "price": 0.13928, "amount": 63.0, "side": "sell", "timestamp": 1764999480519}, {"id": "977683612", "price": 0.13929, "amount": 44.0, "side": "sell", "timestamp": 1764999492044}, {"id": "977683613", "price": 0.13929, "amount": 245.0, "side": "sell", "timestamp": 1764999494714}, {"id": "977683614", "price": 0.13929, "amount": 83.0, "side": "sell", "timestamp": 1764999494952}, {"id": "977683615", "price": 0.1393, "amount": 74520.0, "side": "buy", "timestamp": 1764999495503}, {"id": "977683616", "price": 0.13931, "amount": 349790.0, "side": "buy", "timestamp": 1764999495507}, {"id": "977683617", "price": 0.13932, "amount": 26249.0, "side": "buy", "timestamp": 1764999495538}, {"id": "977683618", "price": 0.13932, "amount": 299.0, "side": "buy", "timestamp": 1764999495639}, {"id": "977683619", "price": 0.13932, "amount": 98.0, "side": "sell", "timestamp": 1764999495729}, {"id": "977683620", "price": 0.13933, "amount": 35904.0, "side": "buy", "timestamp": 1764999497121}, {"id": "977683621", "price": 0.13933, "amount": 253.0, "side": "buy", "timestamp": 1764999497233}, {"id": "977683622", "price": 0.13934, "amount": 32123.0, "side": "buy", "timestamp": 1764999498032}, {"id": "977683623", "price": 0.13934, "amount": 227.0, "side": "buy", "timestamp": 1764999498585}, {"id": "977683624", "price": 0.13934, "amount": 1435.0, "side": "buy", "timestamp": 1764999499269}, {"id": "977683625", "price": 0.13935, "amount": 1283.0, "side": "buy", "timestamp": 1764999499273}, {"id": "977683626", "price": 0.13935, "amount": 2996.0, "side": "buy", "timestamp": 1764999500372}, {"id": "977683627", "price": 0.13935, "amount": 3878.0, "side": "buy", "timestamp": 1764999500473}, {"id": "977683628", "price": 0.13936, "amount": 8568.0, "side": "buy", "timestamp": 1764999500662}, {"id": "977683629", "price": 0.13936, "amount": 1487.0, "side": "buy", "timestamp": 1764999500857}, {"id": "977683630", "price": 0.13936, "amount": 731.0, "side": "buy", "timestamp": 1764999501271}, {"id": "977683631", "price": 0.13936, "amount": 725.0, "side": "buy", "timestamp": 1764999502034}, {"id": "977683632", "price": 0.13935, "amount": 227.0, "side": "sell", "timestamp": 1764999502694}, {"id": "977683633", "price": 0.13935, "amount": 86.0, "side": "sell", "timestamp": 1764999503663}, {"id": "977683634", "price": 0.13936, "amount": 44.0, "side": "buy", "timestamp": 1764999503894}, {"id": "977683635", "price": 0.13936, "amount": 418.0, "side": "buy", "timestamp": 1764999505015}, {"id": "977683636", "price": 0.13936, "amount": 2462.0, "side": "buy", "timestamp": 1764999506596}, {"id": "977683637", "price": 0.13935, "amount": 333549.0, "side": "sell", "timestamp": 1764999506620}, {"id": "977683638", "price": 0.13934, "amount": 166451.0, "side": "sell", "timestamp": 1764999506620}, {"id": "977683639", "price": 0.13934, "amount": 3974.0, "side": "sell", "timestamp": 1764999506855}, {"id": "977683640", "price": 0.13935, "amount": 12350.0, "side": "buy", "timestamp": 1764999509556}, {"id": "977683641", "price": 0.13935, "amount": 107.0, "side": "buy", "timestamp": 1764999511478}, {"id": "977683642", "price": 0.13934, "amount": 185.0, "side": "sell", "timestamp": 1764999511662}, {"id": "977683643", "price": 0.13935, "amount": 3921.0, "side": "buy", "timestamp": 1764999511724}, {"id": "977683644", "price": 0.13935, "amount": 6941.0, "side": "buy", "timestamp": 1764999513292}, {"id": "977683645", "price": 0.13934, "amount": 214.0, "side": "sell", "timestamp": 1764999513343}, {"id": "977683646", "price": 0.13935, "amount": 10000.0, "side": "buy", "timestamp": 1764999513656}, {"id": "977683647", "price": 0.13934, "amount": 87.0, "side": "sell", "timestamp": 1764999514871}, {"id": "977683648", "price": 0.13935, "amount": 7168.0, "side": "buy", "timestamp": 1764999515030}, {"id": "977683649", "price": 0.13935, "amount": 18.0, "side": "buy", "timestamp": 1764999519097}, {"id": "977683650", "price": 0.13934, "amount": 75.0, "side": "sell", "timestamp": 1764999520069}, {"id": "977683651", "price": 0.13934, "amount": 41729.0, "side": "sell", "timestamp": 1764999520332}, {"id": "977683652", "price": 0.13935, "amount": 882.0, "side": "buy", "timestamp": 1764999520414}, {"id": "977683653", "price": 0.13935, "amount": 10781.0, "side": "buy", "timestamp": 1764999520604}, {"id": "977683654", "price": 0.13935, "amount": 12633.0, "side": "buy", "timestamp": 1764999522500}, {"id": "977683655", "price": 0.13934, "amount": 301.0, "side": "sell", "timestamp": 1764999524113}, {"id": "977683656", "price": 0.13935, "amount": 180.0, "side": "buy", "timestamp": 1764999524634}, {"id": "977683657", "price": 0.13934, "amount": 40.0, "side": "sell", "timestamp": 1764999524710}, {"id": "977683658", "price": 0.13934, "amount": 132061.0, "side": "sell", "timestamp": 1764999528488}, {"id": "977683659", "price": 0.13934, "amount": 272.0, "side": "sell", "timestamp": 1764999529750}, {"id": "977683660", "price": 0.13934, "amount": 26133.0, "side": "sell", "timestamp": 1764999531025}, {"id": "977683661", "price": 0.13933, "amount": 32072.0, "side": "sell", "timestamp": 1764999532953}]