[{"id": "704238477", "price": 2.0376, "amount": 229.2, "side": "buy", "timestamp": 1764998511693}, {"id": "704238478", "price": 2.0376, "amount": 247.0, "side": "buy", "timestamp": 1764998512696}, {"id": "704238479", "price": 2.0375, "amount": 6.5, "side": "sell", "timestamp": 1764998512930}, {"id": "704238480", "price": 2.0376, "amount": 162.9, "side": "buy", "timestamp": 1764998513568}, {"id": "704238481", "price": 2.0376, "amount": 30.4, "side": "buy", "timestamp": 1764998513882}, {"id": "704238482", "price": 2.0376, "amount": 683.5, "side": "buy", "timestamp": 1764998514439}, {"id": "704238483", "price": 2.0377, "amount": 3.1, "side": "buy", "timestamp": 1764998514681}, {"id": "704238484", "price": 2.0377, "amount": 111.0, "side": "buy", "timestamp": 1764998515020}, {"id": "704238485", "price": 2.0377, "amount": 154.7, "side": "buy", "timestamp": 1764998515313}, {"id": "704238486", "price": 2.0376, "amount": 93.7, "side": "sell", "timestamp": 1764998515792}, {"id": "704238487", "price": 2.0376, "amount": 151.4, "side": "buy", "timestamp": 1764998516184}, {"id": "704238488", "price": 2.0376, "amount": 187.8, "side": "buy", "timestamp": 1764998517057}, {"id": "704238489", "price": 2.0375, "amount": 23.6, "side": "sell", "timestamp": 1764998517210}, {"id": "704238490", "price": 2.0376, "amount": 248.2, "side": "buy", "timestamp": 1764998517929}, {"id": "704238491", "price": 2.0376, "amount": 200.5, "side": "buy", "timestamp": 1764998518702}, {"id": "704238492", "price": 2.0376, "amount": 2.7, "side": "buy", "timestamp": 1764998518849}, {"id": "704238493", "price": 2.0376, "amount": 6.8, "side": "buy", "timestamp": 1764998519821}, {"id": "704238494", "price": 2.0376, "amount": 123.8, "side": "buy", "timestamp": 1764998520102}, {"id": "704238495", "price": 2.0376, "amount": 8.2, "side": "buy", "timestamp": 1764998520861}, {"id": "704238496", "price": 2.0376, "amount": 3.4, "side": "buy", "timestamp": 1764998520963}, {"id": "704238497", "price": 2.0375, "amount": 5.1, "side": "sell", "timestamp": 1764998521349}, {"id": "704238498", "price": 2.0376, "amount": 235.6, "side": "buy", "timestamp": 1764998522677}, {"id": "704238499", "price": 2.0375, "amount": 4.8, "side": "sell", "timestamp": 1764998522866}, {"id": "704238500", "price": 2.0375, "amount": 12.1, "side": "sell", "timestamp": 1764998524843}, {"id": "704238501", "price": 2.0376, "amount": 3.8, "side": "buy", "timestamp": 1764998524885}, {"id": "704238502", "price": 2.0376, "amount": 36.4, "side": "buy", "timestamp": 1764998528181}, {"id": "704238503", "price": 2.0375, "amount": 6.6, "side": "sell", "timestamp": 1764998528352}, {"id": "704238504", "price": 2.0375, "amount": 2.5, "side": "sell", "timestamp": 1764998529649}, {"id": "704238505", "price": 2.0376, "amount": 31.1, "side": "buy", "timestamp": 1764998529795}, {"id": "704238506", "price": 2.0376, "amount": 19.7, "side": "buy", "timestamp": 1764998529978}, {"id": "704238507", "price": 2.0376, "amount": 925.3, "side": "buy", "timestamp": 1764998530399}, {"id": "704238508", "price": 2.0377, "amount": 7272.9, "side": "buy", "timestamp": 1764998530400}, {"id": "704238509", "price": 2.0378, "amount": 5782.1, "side": "buy", "timestamp": 1764998530406}, {"id": "704238510", "price": 2.0379, "amount": 8.0, "side": "buy", "timestamp": 1764998530450}, {"id": "704238511", "price": 2.0379, "amount": 494.0, "side": "buy", "timestamp": 1764998530586}, {"id": "704238512", "price": 2.0378, "amount": 5.9, "side": "sell", "timestamp": 1764998531661}, {"id": "704238513", "price": 2.0378, "amount": 4.6, "side": "sell", "timestamp": 1764998534584}, {"id": "704238514", "price": 2.0379, "amount": 801.7, "side": "buy", "timestamp": 1764998535716}, {"id": "704238515", "price": 2.0379, "amount": 173.1, "side": "buy", "timestamp": 1764998536009}, {"id": "704238516", "price": 2.0379, "amount": 174.4, "side": "sell", "timestamp": 1764998537069}, {"id": "704238517", "price": 2.0378, "amount": 747.9, "side": "sell", "timestamp": 1764998537818}, {"id": "704238518", "price": 2.0377, "amount": 410.9, "side": "sell", "timestamp": 1764998537867}, {"id": "704238519", "price": 2.0377, "amount": 652.5, "side": "buy", "timestamp": 1764998538063}, {"id": "704238520", "price": 2.0377, "amount": 3.9, "side": "buy", "timestamp": 1764998538167}, {"id": "704238521", "price": 2.0376, "amount": 2.5, "side": "sell", "timestamp": 1764998538776}, {"id": "704238522", "price": 2.0377, "amount": 17.2, "side": "buy", "timestamp": 1764998540784}, {"id": "704238523", "price": 2.0376, "amount": 4234.6, "side": "sell", "timestamp": 1764998541590}, {"id": "704238524", "price": 2.0375, "amount": 3.6, "side": "sell", "timestamp": 1764998543202}, {"id": "704238525", "price": 2.0376, "amount": 32719.8, "side": "buy", "timestamp": 1764998544217}, {"id": "704238526", "price": 2.0376, "amount": 26.1, "side": "buy", "timestamp": 1764998545133}, {"id": "704238550", "price": 2.0376, "amount": 139.4, "side": "sell", "timestamp": 1764998569322}, {"id": "704238551", "price": 2.0377, "amount": 4.9, "side": "buy", "timestamp": 1764998569901}, {"id": "704238552", "price": 2.0376, "amount": 2.7, "side": "sell", "timestamp": 1764998570175}, {"id": "704238553", "price": 2.0376, "amount": 16.6, "side": "sell", "timestamp": 1764998570720}, {"id": "704238554", "price": 2.0376, "amount": 5179.8, "side": "sell", "timestamp": 1764998571163}, {"id": "704238555", "price": 2.0375, "amount": 3988.1, "side": "sell", "timestamp": 1764998572425}, {"id": "704238556", "price": 2.0374, "amount": 370.8, "side": "sell", "timestamp": 1764998572515}, {"id": "704238557", "price": 2.0374, "amount": 1.4, "side": "buy", "timestamp": 1764998572930}, {"id": "704238558", "price": 2.0374, "amount": 23.6, "side": "buy", "timestamp": 1764998573400}, {"id": "704238559", "price": 2.0374, "amount": 82.3, "side": "buy", "timestamp": 1764998576202}, {"id": "704238560", "price": 2.0374, "amount": 1.1, "side": "buy", "timestamp": 1764998576352}, {"id": "704238561", "price": 2.0374, "amount": 4.6, "side": "buy", "timestamp": 1764998576739}, {"id": "704238562", "price": 2.0374, "amount": 3.9, "side": "buy", "timestamp": 1764998577646}, {"id": "704238563", "price": 2.0373, "amount": 18.1, "side": "sell", "timestamp": 1764998579646}, {"id": "704238564", "price": 2.0373, "amount": 25.2, "side": "sell", "timestamp": 1764998580086}, {"id": "704238565", "price": 2.0373, "amount": 10.5, "side": "sell", "timestamp": 1764998580857}, {"id": "704238566", "price": 2.0373, "amount": 11.8, "side": "sell", "timestamp": 1764998581707}, {"id": "704238567", "price": 2.0373, "amount": 2.7, "side": "sell", "timestamp": 1764998581829}, {"id": "704238568", "price": 2.0373, "amount": 11.8, "side": "sell", "timestamp": 1764998582035}, {"id": "704238569", "price": 2.0374, "amount": 3.3, "side": "buy", "timestamp": 1764998582577}, {"id": "704238570", "price": 2.0374, "amount": 3.2, "side": "buy", "timestamp": 1764998582887}, {"id": "704238571", "price": 2.0374, "amount": 5.0, "side": "buy", "timestamp": 1764998583033}, {"id": "704238572", "price": 2.0374, "amount": 862.1, "side": "buy", "timestamp": 1764998584518}, {"id": "704238573", "price": 2.0375, "amount": 4610.5, "side": "buy", "timestamp": 1764998584518}, {"id": "704238574", "price": 2.0375, "amount": 527.4, "side": "buy", "timestamp": 1764998584733}, {"id": "704238575", "price": 2.0375, "amount": 2.8, "side": "sell", "timestamp": 1764998584842}, {"id": "704238576", "price": 2.0376, "amount": 58.9, "side": "buy", "timestamp": 1764998587273}, {"id": "704238577", "price": 2.0376, "amount": 153.6, "side": "sell", "timestamp": 1764998588155}, {"id": "704238578", "price": 2.0377, "amount": 45.3, "side": "buy", "timestamp": 1764998589853}, {"id": "704238579", "price": 2.0376, "amount": 25.6, "side": "sell", "timestamp": 1764998590036}, {"id": "704238580", "price": 2.0377, "amount": 5.1, "side": "buy", "timestamp": 1764998590037}, {"id": "704238581", "price": 2.0376, "amount": 34.3, "side": "sell", "timestamp": 1764998590341}, {"id": "704238582", "price": 2.0376, "amount": 25.6, "side": "sell", "timestamp": 1764998590564}, {"id": "704238583", "price": 2.0376, "amount": 25.6, "side": "sell", "timestamp": 1764998590721}, {"id": "704238584", "price": 2.0376, "amount": 2.7, "side": "sell", "timestamp": 1764998591227}, {"id": "704238585", "price": 2.0377, "amount": 1554.6, "side": "buy", "timestamp": 1764998591578}, {"id": "704238586", "price": 2.0378, "amount": 539.8, "side": "buy", "timestamp": 1764998591626}, {"id": "704238587", "price": 2.0379, "amount": 343.1, "side": "buy", "timestamp": 1764998591910}, {"id": "704238588", "price": 2.038, "amount": 1443.6, "side": "buy", "timestamp": 1764998592030}, {"id": "704238589", "price": 2.0381, "amount": 4.6, "side": "buy", "timestamp": 1764998592810}, {"id": "704238590", "price": 2.0381, "amount": 1584.6, "side": "buy", "timestamp": 1764998593502}, {"id": "704238591", "price": 2.0382, "amount": 3247.5, "side": "buy", "timestamp": 1764998593507}, {"id": "704238592", "price": 2.0383, "amount": 5504.9, "side": "buy", "timestamp": 1764998593516}, {"id": "704238593", "price": 2.0384, "amount": 7.4, "side": "buy", "timestamp": 1764998593687}, {"id": "704238594", "price": 2.0383, "amount": 76.0, "side": "sell", "timestamp": 1764998593767}, {"id": "704238595", "price": 2.0382, "amount": 153.2, "side": "sell", "timestamp": 1764998593883}, {"id": "704238596", "price": 2.0382, "amount": 7.2, "side": "buy", "timestamp": 1764998594837}, {"id": "704238597", "price": 2.0382, "amount": 4.3, "side": "buy", "timestamp": 1764998595060}, {"id": "704238598", "price": 2.0381, "amount": 49.9, "side": "sell", "timestamp": 1764998595176}, {"id": "704238599", "price": 2.0382, "amount": 10.0, "side": "buy", "timestamp": 1764998596446}, {"id": "704238623", "price": 2.0386, "amount": 10.9, "side": "buy", "timestamp": 1764998609995}, {"id": "704238624", "price": 2.0385, "amount": 2.7, "side": "sell", "timestamp": 1764998612328}, {"id": "704238625", "price": 2.0386, "amount": 3.1, "side": "buy", "timestamp": 1764998612813}, {"id": "704238626", "price": 2.0386, "amount": 10.4, "side": "buy", "timestamp": 1764998614768}, {"id": "704238627", "price": 2.0386, "amount": 4.1, "side": "buy", "timestamp": 1764998615011}, {"id": "704238628", "price": 2.0385, "amount": 3067.8, "side": "sell", "timestamp": 1764998615159}, {"id": "704238629", "price": 2.0384, "amount": 4588.0, "side": "sell", "timestamp": 1764998615164}, {"id": "704238630", "price": 2.0383, "amount": 27.8, "side": "sell", "timestamp": 1764998615191}, {"id": "704238631", "price": 2.0384, "amount": 42.3, "side": "buy", "timestamp": 1764998615378}, {"id": "704238632", "price": 2.0384, "amount": 3.9, "side": "buy", "timestamp": 1764998616365}, {"id": "704238633", "price": 2.0383, "amount": 224.0, "side": "sell", "timestamp": 1764998618031}, {"id": "704238634", "price": 2.0382, "amount": 791.5, "side": "sell", "timestamp": 1764998620644}, {"id": "704238635", "price": 2.0382, "amount": 187.8, "side": "buy", "timestamp": 1764998621773}, {"id": "704238636", "price": 2.0381, "amount": 1903.7, "side": "sell", "timestamp": 1764998622002}, {"id": "704238637", "price": 2.0381, "amount": 14.1, "side": "buy", "timestamp": 1764998622246}, {"id": "704238638", "price": 2.0381, "amount": 48.9, "side": "buy", "timestamp": 1764998623078}, {"id": "704238639", "price": 2.0382, "amount": 21.5, "side": "buy", "timestamp": 1764998625711}, {"id": "704238640", "price": 2.0381, "amount": 59.2, "side": "sell", "timestamp": 1764998627281}, {"id": "704238641", "price": 2.0382, "amount": 51.4, "side": "buy", "timestamp": 1764998628864}, {"id": "704238642", "price": 2.0382, "amount": 35.6, "side": "buy", "timestamp": 1764998629286}, {"id": "704238643", "price": 2.0382, "amount": 454.2, "side": "buy", "timestamp": 1764998629693}, {"id": "704238644", "price": 2.0382, "amount": 13.6, "side": "buy", "timestamp": 1764998629989}, {"id": "704238645", "price": 2.0382, "amount": 499.1, "side": "buy", "timestamp": 1764998630342}, {"id": "704238646", "price": 2.0381, "amount": 14.2, "side": "sell", "timestamp": 1764998631655}, {"id": "704238647", "price": 2.0381, "amount": 1312.0, "side": "sell", "timestamp": 1764998632339}, {"id": "704238648", "price": 2.0382, "amount": 3.4, "side": "buy", "timestamp": 1764998632657}, {"id": "704238649", "price": 2.0381, "amount": 12.3, "side": "sell", "timestamp": 1764998633803}, {"id": "704238650", "price": 2.0382, "amount": 174.3, "side": "buy", "timestamp": 1764998633927}, {"id": "704238651", "price": 2.0381, "amount": 3.0, "side": "sell", "timestamp": 1764998635192}, {"id": "704238652", "price": 2.0382, "amount": 2.9, "side": "buy", "timestamp": 1764998635725}, {"id": "704238653", "price": 2.0382, "amount": 3.9, "side": "buy", "timestamp": 1764998635933}, {"id": "704238654", "price": 2.0381, "amount": 23.7, "side": "sell", "timestamp": 1764998636898}, {"id": "704238655", "price": 2.0381, "amount": 2.6, "side": "sell", "timestamp": 1764998637302}, {"id": "704238656", "price": 2.0381, "amount": 26.0, "side": "sell", "timestamp": 1764998637602}, {"id": "704238657", "price": 2.0382, "amount": 6.4, "side": "buy", "timestamp": 1764998638684}, {"id": "704238658", "price": 2.0382, "amount": 7.8, "side": "buy", "timestamp": 1764998639064}, {"id": "704238659", "price": 2.0382, "amount": 3.6, "side": "buy", "timestamp": 1764998639634}, {"id": "704238660", "price": 2.0381, "amount": 5.9, "side": "sell", "timestamp": 1764998639662}, {"id": "704238661", "price": 2.0381, "amount": 76.7, "side": "sell", "timestamp": 1764998640179}, {"id": "704238662", "price": 2.0381, "amount": 1366.5, "side": "sell", "timestamp": 1764998641517}, {"id": "704238663", "price": 2.0381, "amount": 5.5, "side": "sell", "timestamp": 1764998641703}, {"id": "704238664", "price": 2.0381, "amount": 20.2, "side": "sell", "timestamp": 1764998642198}, {"id": "704238665", "price": 2.0381, "amount": 19.0, "side": "sell", "timestamp": 1764998642394}, {"id": "704238666", "price": 2.0381, "amount": 6710.9, "side": "sell", "timestamp": 1764998642580}, {"id": "704238667", "price": 2.038, "amount": 20.8, "side": "sell", "timestamp": 1764998642609}, {"id": "704238668", "price": 2.0381, "amount": 4.4, "side": "buy", "timestamp": 1764998644290}, {"id": "704238669", "price": 2.038, "amount": 3.5, "side": "sell", "timestamp": 1764998645104}, {"id": "704238670", "price": 2.0381, "amount": 3.7, "side": "buy", "timestamp": 1764998645235}, {"id": "704238671", "price": 2.0381, "amount": 10288.1, "side": "buy", "timestamp": 1764998646680}, {"id": "704238672", "price": 2.0381, "amount": 1846.7, "side": "buy", "timestamp": 1764998648154}, {"id": "704238669", "price": 2.038, "amount": 3.5, "side": "sell", "timestamp": 1764998645104}, {"id": "704238670", "price": 2.0381, "amount": 3.7, "side": "buy", "timestamp": 1764998645235}, {"id": "704238671", "price": 2.0381, "amount": 10288.1, "side": "buy", "timestamp": 1764998646680}, {"id": "704238672", "price": 2.0381, "amount": 1846.7, "side": "buy", "timestamp": 1764998648154}, {"id": "704238673", "price": 2.0381, "amount": 2099.2, "side": "buy", "timestamp": 1764998649750}, {"id": "704238674", "price": 2.0382, "amount": 851.4, "side": "buy", "timestamp": 1764998649829}, {"id": "704238675", "price": 2.0382, "amount": 2.9, "side": "sell", "timestamp": 1764998650372}, {"id": "704238676", "price": 2.0382, "amount": 679.0, "side": "sell", "timestamp": 1764998651739}, {"id": "704238677", "price": 2.0383, "amount": 2124.5, "side": "buy", "timestamp": 1764998652458}, {"id": "704238678", "price": 2.0383, "amount": 5.1, "side": "sell", "timestamp": 1764998653776}, {"id": "704238679", "price": 2.0384, "amount": 2287.0, "side": "buy", "timestamp": 1764998653967}, {"id": "704238680", "price": 2.0385, "amount": 197.9, "side": "buy", "timestamp": 1764998653989}, {"id": "704238681", "price": 2.0386, "amount": 3.8, "side": "buy", "timestamp": 1764998654964}, {"id": "704238682", "price": 2.0386, "amount": 245.2, "side": "buy", "timestamp": 1764998659135}, {"id": "704238683", "price": 2.0386, "amount": 25.6, "side": "buy", "timestamp": 1764998660760}, {"id": "704238684", "price": 2.0386, "amount": 50.0, "side": "buy", "timestamp": 1764998661085}, {"id": "704238685", "price": 2.0386, "amount": 13.0, "side": "buy", "timestamp": 1764998661648}, {"id": "704238686", "price": 2.0386, "amount": 29.5, "side": "buy", "timestamp": 1764998663385}, {"id": "704238687", "price": 2.0386, "amount": 761.8, "side": "buy", "timestamp": 1764998663683}, {"id": "704238688", "price": 2.0386, "amount": 6.4, "side": "buy", "timestamp": 1764998663836}, {"id": "704238689", "price": 2.0386, "amount": 6.5, "side": "buy", "timestamp": 1764998664714}, {"id": "704238690", "price": 2.0385, "amount": 48.4, "side": "sell", "timestamp": 1764998664814}, {"id": "704238691", "price": 2.0386, "amount": 3.5, "side": "buy", "timestamp": 1764998666734}, {"id": "704238692", "price": 2.0385, "amount": 2001.9, "side": "sell", "timestamp": 1764998670101}, {"id": "704238693", "price": 2.0385, "amount": 10389.4, "side": "sell", "timestamp": 1764998670231}, {"id": "704238694", "price": 2.0384, "amount": 14.6, "side": "sell", "timestamp": 1764998672578}, {"id": "704238695", "price": 2.0385, "amount": 3.9, "side": "buy", "timestamp": 1764998674523}, {"id": "704238696", "price": 2.0384, "amount": 8.7, "side": "sell", "timestamp": 1764998675133}, {"id": "704238697", "price": 2.0385, "amount": 10.9, "side": "buy", "timestamp": 1764998675560}, {"id": "704238698", "price": 2.0384, "amount": 5.9, "side": "sell", "timestamp": 1764998675667}, {"id": "704238699", "price": 2.0384, "amount": 354.6, "side": "sell", "timestamp": 1764998676102}, {"id": "704238700", "price": 2.0385, "amount": 3199.4, "side": "buy", "timestamp": 1764998678152}, {"id": "704238701", "price": 2.0386, "amount": 2.7, "side": "buy", "timestamp": 1764998680844}, {"id": "704238702", "price": 2.0386, "amount": 2.7, "side": "buy", "timestamp": 1764998681948}, {"id": "704238703", "price": 2.0386, "amount": 3.9, "side": "buy", "timestamp": 1764998682702}, {"id": "704238704", "price": 2.0386, "amount": 3.5, "side": "buy", "timestamp": 1764998682855}, {"id": "704238705", "price": 2.0386, "amount": 3945.9, "side": "buy", "timestamp": 1764998684613}, {"id": "704238706", "price": 2.0387, "amount": 6.7, "side": "buy", "timestamp": 1764998688734}, {"id": "704238707", "price": 2.0386, "amount": 2.5, "side": "sell", "timestamp": 1764998689263}, {"id": "704238708", "price": 2.0387, "amount": 961.9, "side": "buy", "timestamp": 1764998689686}, {"id": "704238709", "price": 2.0388, "amount": 1323.6, "side": "buy", "timestamp": 1764998689686}, {"id": "704238710", "price": 2.0389, "amount": 1830.6, "side": "buy", "timestamp": 1764998689686}, {"id": "704238711", "price": 2.0389, "amount": 3.5, "side": "buy", "timestamp": 1764998690646}, {"id": "704238712", "price": 2.0388, "amount": 4.0, "side": "sell", "timestamp": 1764998693729}, {"id": "704238713", "price": 2.0389, "amount": 4.0, "side": "buy", "timestamp": 1764998694386}, {"id": "704238714", "price": 2.0388, "amount": 20.0, "side": "sell", "timestamp": 1764998694596}, {"id": "704238715", "price": 2.0389, "amount": 4.1, "side": "buy", "timestamp": 1764998694814}, {"id": "704238716", "price": 2.0389, "amount": 2.6, "side": "buy", "timestamp": 1764998696827}, {"id": "704238717", "price": 2.0388, "amount": 2.7, "side": "sell", "timestamp": 1764998697200}, {"id": "704238718", "price": 2.0389, "amount": 3.4, "side": "buy", "timestamp": 1764998698837}, {"id": "704238739", "price": 2.039, "amount": 91.6, "side": "buy", "timestamp": 1764998712937}, {"id": "704238740", "price": 2.039, "amount": 803.2, "side": "buy", "timestamp": 1764998713046}, {"id": "704238741", "price": 2.0389, "amount": 50.4, "side": "sell", "timestamp": 1764998713103}, {"id": "704238742", "price": 2.039, "amount": 3.9, "side": "buy", "timestamp": 1764998713959}, {"id": "704238743", "price": 2.0389, "amount": 4.5, "side": "sell", "timestamp": 1764998714078}, {"id": "704238744", "price": 2.0389, "amount": 5.0, "side": "sell", "timestamp": 1764998714287}, {"id": "704238745", "price": 2.039, "amount": 0.4, "side": "buy", "timestamp": 1764998718615}, {"id": "704238746", "price": 2.039, "amount": 4137.7, "side": "buy", "timestamp": 1764998719235}, {"id": "704238747", "price": 2.0389, "amount": 18.6, "side": "sell", "timestamp": 1764998720705}, {"id": "704238748", "price": 2.0389, "amount": 7.6, "side": "sell", "timestamp": 1764998721415}, {"id": "704238749", "price": 2.039, "amount": 4.2, "side": "buy", "timestamp": 1764998721701}, {"id": "704238750", "price": 2.0389, "amount": 1002.8, "side": "sell", "timestamp": 1764998722084}, {"id": "704238751", "price": 2.039, "amount": 37.7, "side": "buy", "timestamp": 1764998723796}, {"id": "704238752", "price": 2.039, "amount": 3.0, "side": "buy", "timestamp": 1764998725387}, {"id": "704238753", "price": 2.0389, "amount": 1813.5, "side": "sell", "timestamp": 1764998725512}, {"id": "704238754", "price": 2.0388, "amount": 917.4, "side": "sell", "timestamp": 1764998725519}, {"id": "704238755", "price": 2.0387, "amount": 1177.1, "side": "sell", "timestamp": 1764998725570}, {"id": "704238756", "price": 2.0386, "amount": 19.2, "side": "sell", "timestamp": 1764998726994}, {"id": "704238757", "price": 2.0387, "amount": 5.1, "side": "buy", "timestamp": 1764998727250}, {"id": "704238758", "price": 2.0386, "amount": 610.3, "side": "sell", "timestamp": 1764998727733}, {"id": "704238759", "price": 2.0385, "amount": 1475.6, "side": "sell", "timestamp": 1764998729091}, {"id": "704238760", "price": 2.0384, "amount": 78.0, "side": "sell", "timestamp": 1764998729093}, {"id": "704238761", "price": 2.0383, "amount": 548.5, "side": "sell", "timestamp": 1764998729273}, {"id": "704238762", "price": 2.0383, "amount": 46.7, "side": "buy", "timestamp": 1764998730476}, {"id": "704238763", "price": 2.0382, "amount": 1142.7, "side": "sell", "timestamp": 1764998730961}, {"id": "704238764", "price": 2.0381, "amount": 872.6, "side": "sell", "timestamp": 1764998730962}, {"id": "704238765", "price": 2.038, "amount": 2000.9, "side": "sell", "timestamp": 1764998730962}, {"id": "704238766", "price": 2.038, "amount": 129.4, "side": "sell", "timestamp": 1764998731068}, {"id": "704238767", "price": 2.0379, "amount": 364.4, "side": "sell", "timestamp": 1764998731136}, {"id": "704238768", "price": 2.0379, "amount": 58.8, "side": "buy", "timestamp": 1764998731540}, {"id": "704238769", "price": 2.0378, "amount": 407.7, "side": "sell", "timestamp": 1764998731866}, {"id": "704238770", "price": 2.0378, "amount": 4.0, "side": "buy", "timestamp": 1764998734131}, {"id": "704238771", "price": 2.0377, "amount": 3.5, "side": "sell", "timestamp": 1764998734472}, {"id": "704238772", "price": 2.0377, "amount": 11.8, "side": "sell", "timestamp": 1764998736406}, {"id": "704238773", "price": 2.0377, "amount": 21.9, "side": "sell", "timestamp": 1764998738596}, {"id": "704238774", "price": 2.0378, "amount": 3.0, "side": "buy", "timestamp": 1764998738607}, {"id": "704238775", "price": 2.0378, "amount": 895.6, "side": "buy", "timestamp": 1764998741602}, {"id": "704238776", "price": 2.0377, "amount": 49.0, "side": "sell", "timestamp": 1764998741850}, {"id": "704238777", "price": 2.0377, "amount": 35.2, "side": "sell", "timestamp": 1764998742320}, {"id": "704238778", "price": 2.0378, "amount": 3.0, "side": "buy", "timestamp": 1764998743858}, {"id": "704238779", "price": 2.0377, "amount": 4.5, "side": "sell", "timestamp": 1764998746278}, {"id": "704238780", "price": 2.0377, "amount": 4.7, "side": "sell", "timestamp": 1764998746480}, {"id": "704238781", "price": 2.0377, "amount": 5.2, "side": "sell", "timestamp": 1764998747389}, {"id": "704238782", "price": 2.0377, "amount": 5.9, "side": "sell", "timestamp": 1764998747659}, {"id": "704238783", "price": 2.0378, "amount": 6.0, "side": "buy", "timestamp": 1764998747711}, {"id": "704238784", "price": 2.0377, "amount": 33.4, "side": "sell", "timestamp": 1764998749077}, {"id": "704238785", "price": 2.0378, "amount": 249.4, "side": "buy", "timestamp": 1764998749784}, {"id": "704238786", "price": 2.0377, "amount": 4.6, "side": "sell", "timestamp": 1764998749938}, {"id": "704238787", "price": 2.0377, "amount": 64.6, "side": "sell", "timestamp": 1764998750968}, {"id": "704238788", "price": 2.0377, "amount": 5.6, "side": "sell", "timestamp": 1764998751234}, {"id": "704238830", "price": 2.0372, "amount": 18.4, "side": "buy", "timestamp": 1764998776310}, {"id": "704238831", "price": 2.0371, "amount": 1488.2, "side": "sell", "timestamp": 1764998776354}, {"id": "704238832", "price": 2.037, "amount": 126.9, "side": "sell", "timestamp": 1764998776358}, {"id": "704238833", "price": 2.0369, "amount": 2.5, "side": "sell", "timestamp": 1764998776660}, {"id": "704238834", "price": 2.037, "amount": 4.9, "side": "buy", "timestamp": 1764998776956}, {"id": "704238835", "price": 2.037, "amount": 3.0, "side": "buy", "timestamp": 1764998777405}, {"id": "704238836", "price": 2.0369, "amount": 419.8, "side": "sell", "timestamp": 1764998778034}, {"id": "704238837", "price": 2.0368, "amount": 3717.9, "side": "sell", "timestamp": 1764998778034}, {"id": "704238838", "price": 2.0369, "amount": 25.0, "side": "buy", "timestamp": 1764998778040}, {"id": "704238839", "price": 2.0369, "amount": 2613.4, "side": "buy", "timestamp": 1764998778407}, {"id": "704238840", "price": 2.0369, "amount": 2339.7, "side": "buy", "timestamp": 1764998780253}, {"id": "704238841", "price": 2.037, "amount": 48.6, "side": "buy", "timestamp": 1764998780265}, {"id": "704238842", "price": 2.037, "amount": 4.8, "side": "sell", "timestamp": 1764998780352}, {"id": "704238843", "price": 2.037, "amount": 2092.6, "side": "sell", "timestamp": 1764998781042}, {"id": "704238844", "price": 2.037, "amount": 979.0, "side": "sell", "timestamp": 1764998782462}, {"id": "704238845", "price": 2.0371, "amount": 5.1, "side": "buy", "timestamp": 1764998783527}, {"id": "704238846", "price": 2.037, "amount": 5.9, "side": "sell", "timestamp": 1764998783663}, {"id": "704238847", "price": 2.037, "amount": 3.6, "side": "sell", "timestamp": 1764998784053}, {"id": "704238848", "price": 2.037, "amount": 3.0, "side": "sell", "timestamp": 1764998784158}, {"id": "704238849", "price": 2.037, "amount": 3.8, "side": "sell", "timestamp": 1764998784721}, {"id": "704238850", "price": 2.037, "amount": 30.4, "side": "sell", "timestamp": 1764998784975}, {"id": "704238851", "price": 2.037, "amount": 35.5, "side": "sell", "timestamp": 1764998785136}, {"id": "704238852", "price": 2.037, "amount": 9359.8, "side": "sell", "timestamp": 1764998785444}, {"id": "704238853", "price": 2.037, "amount": 83.4, "side": "sell", "timestamp": 1764998786383}, {"id": "704238854", "price": 2.0371, "amount": 43.4, "side": "buy", "timestamp": 1764998786441}, {"id": "704238855", "price": 2.037, "amount": 2.6, "side": "sell", "timestamp": 1764998788001}, {"id": "704238856", "price": 2.0371, "amount": 3.8, "side": "buy", "timestamp": 1764998788871}, {"id": "704238857", "price": 2.0371, "amount": 2454.4, "side": "buy", "timestamp": 1764998790538}, {"id": "704238858", "price": 2.037, "amount": 3.0, "side": "sell", "timestamp": 1764998790616}, {"id": "704238859", "price": 2.0371, "amount": 2.6, "side": "buy", "timestamp": 1764998790882}, {"id": "704238860", "price": 2.037, "amount": 83.4, "side": "sell", "timestamp": 1764998790941}, {"id": "704238861", "price": 2.037, "amount": 3.8, "side": "buy", "timestamp": 1764998792576}, {"id": "704238862", "price": 2.0369, "amount": 263.0, "side": "sell", "timestamp": 1764998793392}, {"id": "704238863", "price": 2.0368, "amount": 4.8, "side": "sell", "timestamp": 1764998793539}, {"id": "704238864", "price": 2.0368, "amount": 2.8, "side": "sell", "timestamp": 1764998796778}, {"id": "704238865", "price": 2.0369, "amount": 3591.9, "side": "buy", "timestamp": 1764998796857}, {"id": "704238866", "price": 2.037, "amount": 1315.3, "side": "buy", "timestamp": 1764998796857}, {"id": "704238867", "price": 2.0369, "amount": 11223.0, "side": "sell", "timestamp": 1764998797363}, {"id": "704238868", "price": 2.0369, "amount": 6.7, "side": "sell", "timestamp": 1764998797657}, {"id": "704238869", "price": 2.0369, "amount": 5.2, "side": "sell", "timestamp": 1764998798248}, {"id": "704238870", "price": 2.0369, "amount": 9.8, "side": "sell", "timestamp": 1764998798637}, {"id": "704238871", "price": 2.037, "amount": 3.8, "side": "buy", "timestamp": 1764998798745}, {"id": "704238872", "price": 2.0369, "amount": 936.9, "side": "sell", "timestamp": 1764998800438}, {"id": "704238873", "price": 2.0368, "amount": 2063.1, "side": "sell", "timestamp": 1764998800438}, {"id": "704238874", "price": 2.0369, "amount": 25.4, "side": "buy", "timestamp": 1764998800791}, {"id": "704238875", "price": 2.0369, "amount": 12.3, "side": "buy", "timestamp": 1764998800955}, {"id": "704238876", "price": 2.0369, "amount": 159.5, "side": "buy", "timestamp": 1764998801408}, {"id": "704238877", "price": 2.0369, "amount": 4.9, "side": "buy", "timestamp": 1764998801614}, {"id": "704238878", "price": 2.0369, "amount": 5.1, "side": "buy", "timestamp": 1764998802650}, {"id": "704238879", "price": 2.0368, "amount": 494.0, "side": "sell", "timestamp": 1764998802674}, {"id": "704238916", "price": 2.0373, "amount": 4.6, "side": "buy", "timestamp": 1764998820869}, {"id": "704238917", "price": 2.0373, "amount": 6.1, "side": "buy", "timestamp": 1764998822574}, {"id": "704238918", "price": 2.0373, "amount": 3.9, "side": "buy", "timestamp": 1764998822765}, {"id": "704238919", "price": 2.0373, "amount": 3.8, "side": "buy", "timestamp": 1764998822965}, {"id": "704238920", "price": 2.0372, "amount": 5146.0, "side": "sell", "timestamp": 1764998823084}, {"id": "704238921", "price": 2.0372, "amount": 2.9, "side": "sell", "timestamp": 1764998823408}, {"id": "704238922", "price": 2.0373, "amount": 7.8, "side": "buy", "timestamp": 1764998823482}, {"id": "704238923", "price": 2.0372, "amount": 5.3, "side": "sell", "timestamp": 1764998823784}, {"id": "704238924", "price": 2.0372, "amount": 518.4, "side": "sell", "timestamp": 1764998824548}, {"id": "704238925", "price": 2.0372, "amount": 4262.3, "side": "sell", "timestamp": 1764998824698}, {"id": "704238926", "price": 2.0372, "amount": 4.0, "side": "sell", "timestamp": 1764998825704}, {"id": "704238927", "price": 2.0372, "amount": 2.9, "side": "sell", "timestamp": 1764998827953}, {"id": "704238928", "price": 2.0372, "amount": 2.6, "side": "sell", "timestamp": 1764998828739}, {"id": "704238929", "price": 2.0373, "amount": 500.0, "side": "buy", "timestamp": 1764998828766}, {"id": "704238930", "price": 2.0372, "amount": 9.4, "side": "sell", "timestamp": 1764998828864}, {"id": "704238931", "price": 2.0373, "amount": 137.4, "side": "buy", "timestamp": 1764998829639}, {"id": "704238932", "price": 2.0373, "amount": 3.0, "side": "buy", "timestamp": 1764998830893}, {"id": "704238933", "price": 2.0373, "amount": 3.9, "side": "buy", "timestamp": 1764998831533}, {"id": "704238934", "price": 2.0372, "amount": 2.8, "side": "sell", "timestamp": 1764998832092}, {"id": "704238935", "price": 2.0373, "amount": 39.0, "side": "buy", "timestamp": 1764998832880}, {"id": "704238936", "price": 2.0372, "amount": 2.9, "side": "sell", "timestamp": 1764998834498}, {"id": "704238937", "price": 2.0372, "amount": 353.5, "side": "sell", "timestamp": 1764998835375}, {"id": "704238938", "price": 2.0373, "amount": 610.5, "side": "buy", "timestamp": 1764998835589}, {"id": "704238939", "price": 2.0373, "amount": 6.1, "side": "buy", "timestamp": 1764998836142}, {"id": "704238940", "price": 2.0372, "amount": 3.4, "side": "sell", "timestamp": 1764998836353}, {"id": "704238941", "price": 2.0372, "amount": 159.4, "side": "sell", "timestamp": 1764998838135}, {"id": "704238942", "price": 2.0372, "amount": 2.6, "side": "sell", "timestamp": 1764998838871}, {"id": "704238943", "price": 2.0372, "amount": 2.7, "side": "sell", "timestamp": 1764998840923}, {"id": "704238944", "price": 2.0373, "amount": 6.2, "side": "buy", "timestamp": 1764998841737}, {"id": "704238945", "price": 2.0372, "amount": 2.8, "side": "sell", "timestamp": 1764998842326}, {"id": "704238946", "price": 2.0373, "amount": 343.0, "side": "buy", "timestamp": 1764998843678}, {"id": "704238947", "price": 2.0373, "amount": 279.0, "side": "buy", "timestamp": 1764998844147}, {"id": "704238948", "price": 2.0373, "amount": 3.1, "side": "buy", "timestamp": 1764998845659}, {"id": "704238949", "price": 2.0373, "amount": 485.2, "side": "buy", "timestamp": 1764998846401}, {"id": "704238950", "price": 2.0372, "amount": 47.7, "side": "sell", "timestamp": 1764998846873}, {"id": "704238951", "price": 2.0373, "amount": 21.6, "side": "buy", "timestamp": 1764998847260}, {"id": "704238952", "price": 2.0373, "amount": 3.6, "side": "buy", "timestamp": 1764998847809}, {"id": "704238953", "price": 2.0372, "amount": 1505.9, "side": "sell", "timestamp": 1764998848046}, {"id": "704238954", "price": 2.0371, "amount": 1006.4, "side": "sell", "timestamp": 1764998848052}, {"id": "704238955", "price": 2.037, "amount": 3624.8, "side": "sell", "timestamp": 1764998848067}, {"id": "704238956", "price": 2.037, "amount": 5.2, "side": "sell", "timestamp": 1764998849316}, {"id": "704238957", "price": 2.0371, "amount": 5.0, "side": "buy", "timestamp": 1764998849676}, {"id": "704238958", "price": 2.037, "amount": 3.4, "side": "sell", "timestamp": 1764998849980}, {"id": "704238959", "price": 2.037, "amount": 2.9, "side": "sell", "timestamp": 1764998850136}, {"id": "704238960", "price": 2.0371, "amount": 8.8, "side": "buy", "timestamp": 1764998850600}, {"id": "704238961", "price": 2.0371, "amount": 5.0, "side": "buy", "timestamp": 1764998852217}, {"id": "704238962", "price": 2.037, "amount": 4.4, "side": "sell", "timestamp": 1764998852444}, {"id": "704238963", "price": 2.037, "amount": 4.4, "side": "sell", "timestamp": 1764998853846}, {"id": "704238964", "price": 2.037, "amount": 14.7, "side": "sell", "timestamp": 1764998854514}, {"id": "704238965", "price": 2.0371, "amount": 5.1, "side": "buy", "timestamp": 1764998855593}, {"id": "704238987", "price": 2.037, "amount": 5.1, "side": "buy", "timestamp": 1764998872692}, {"id": "704238988", "price": 2.0369, "amount": 7.7, "side": "sell", "timestamp": 1764998872741}, {"id": "704238989", "price": 2.0369, "amount": 13.0, "side": "sell", "timestamp": 1764998873435}, {"id": "704238990", "price": 2.0369, "amount": 4.0, "side": "sell", "timestamp": 1764998875266}, {"id": "704238991", "price": 2.037, "amount": 946.9, "side": "buy", "timestamp": 1764998875511}, {"id": "704238992", "price": 2.0369, "amount": 1964.0, "side": "sell", "timestamp": 1764998876627}, {"id": "704238993", "price": 2.0369, "amount": 37.8, "side": "sell", "timestamp": 1764998877230}, {"id": "704238994", "price": 2.037, "amount": 943.2, "side": "buy", "timestamp": 1764998877406}, {"id": "704238995", "price": 2.037, "amount": 6.9, "side": "buy", "timestamp": 1764998877714}, {"id": "704238996", "price": 2.0369, "amount": 946.9, "side": "sell", "timestamp": 1764998879550}, {"id": "704238997", "price": 2.037, "amount": 201.9, "side": "buy", "timestamp": 1764998879662}, {"id": "704238998", "price": 2.037, "amount": 5.0, "side": "buy", "timestamp": 1764998880146}, {"id": "704238999", "price": 2.0369, "amount": 10.3, "side": "sell", "timestamp": 1764998880640}, {"id": "704239000", "price": 2.037, "amount": 3.7, "side": "buy", "timestamp": 1764998881839}, {"id": "704239001", "price": 2.037, "amount": 3.7, "side": "buy", "timestamp": 1764998882039}, {"id": "704239002", "price": 2.0369, "amount": 9.1, "side": "sell", "timestamp": 1764998882165}, {"id": "704239003", "price": 2.037, "amount": 287.1, "side": "buy", "timestamp": 1764998882688}, {"id": "704239004", "price": 2.0369, "amount": 11.1, "side": "sell", "timestamp": 1764998883214}, {"id": "704239005", "price": 2.037, "amount": 5.7, "side": "buy", "timestamp": 1764998883803}, {"id": "704239006", "price": 2.037, "amount": 371.9, "side": "buy", "timestamp": 1764998885408}, {"id": "704239007", "price": 2.037, "amount": 2000.0, "side": "buy", "timestamp": 1764998885599}, {"id": "704239008", "price": 2.0369, "amount": 5.6, "side": "sell", "timestamp": 1764998887890}, {"id": "704239009", "price": 2.0369, "amount": 3.9, "side": "sell", "timestamp": 1764998888344}, {"id": "704239010", "price": 2.037, "amount": 3.9, "side": "buy", "timestamp": 1764998888988}, {"id": "704239011", "price": 2.0369, "amount": 2.6, "side": "sell", "timestamp": 1764998889943}, {"id": "704239012", "price": 2.0369, "amount": 5.9, "side": "sell", "timestamp": 1764998891664}, {"id": "704239013", "price": 2.037, "amount": 6.3, "side": "buy", "timestamp": 1764998892313}, {"id": "704239014", "price": 2.0369, "amount": 3.0, "side": "sell", "timestamp": 1764998892498}, {"id": "704239015", "price": 2.0369, "amount": 2.7, "side": "sell", "timestamp": 1764998892643}, {"id": "704239016", "price": 2.037, "amount": 4589.2, "side": "buy", "timestamp": 1764998894283}, {"id": "704239017", "price": 2.0371, "amount": 352.0, "side": "buy", "timestamp": 1764998894285}, {"id": "704239018", "price": 2.0371, "amount": 60.0, "side": "sell", "timestamp": 1764998894311}, {"id": "704239019", "price": 2.0372, "amount": 5.0, "side": "buy", "timestamp": 1764998894443}, {"id": "704239020", "price": 2.0371, "amount": 2.6, "side": "sell", "timestamp": 1764998894698}, {"id": "704239021", "price": 2.0372, "amount": 5.1, "side": "buy", "timestamp": 1764998895281}, {"id": "704239022", "price": 2.0371, "amount": 82.4, "side": "sell", "timestamp": 1764998895466}, {"id": "704239023", "price": 2.0372, "amount": 2036.5, "side": "buy", "timestamp": 1764998895835}, {"id": "704239024", "price": 2.0371, "amount": 34.9, "side": "sell", "timestamp": 1764998896137}, {"id": "704239025", "price": 2.0371, "amount": 11.9, "side": "sell", "timestamp": 1764998896294}, {"id": "704239026", "price": 2.0371, "amount": 402.9, "side": "sell", "timestamp": 1764998899145}, {"id": "704239027", "price": 2.037, "amount": 32.1, "side": "sell", "timestamp": 1764998899195}, {"id": "704239028", "price": 2.037, "amount": 12.9, "side": "sell", "timestamp": 1764998899422}, {"id": "704239029", "price": 2.037, "amount": 3.0, "side": "sell", "timestamp": 1764998899703}, {"id": "704239030", "price": 2.037, "amount": 5.2, "side": "sell", "timestamp": 1764998900179}, {"id": "704239031", "price": 2.037, "amount": 89.0, "side": "sell", "timestamp": 1764998901110}, {"id": "704239032", "price": 2.0369, "amount": 3558.4, "side": "sell", "timestamp": 1764998901889}, {"id": "704239033", "price": 2.0368, "amount": 6441.6, "side": "sell", "timestamp": 1764998901889}, {"id": "704239034", "price": 2.0369, "amount": 622.5, "side": "buy", "timestamp": 1764998901917}, {"id": "704239035", "price": 2.0368, "amount": 343.0, "side": "sell", "timestamp": 1764998904194}, {"id": "704239036", "price": 2.0369, "amount": 19.1, "side": "buy", "timestamp": 1764998904452}, {"id": "704239066", "price": 2.0371, "amount": 132.9, "side": "buy", "timestamp": 1764998930825}, {"id": "704239067", "price": 2.0371, "amount": 47.6, "side": "buy", "timestamp": 1764998930964}, {"id": "704239068", "price": 2.0371, "amount": 2.8, "side": "sell", "timestamp": 1764998930971}, {"id": "704239069", "price": 2.0371, "amount": 2.7, "side": "sell", "timestamp": 1764998931649}, {"id": "704239070", "price": 2.0372, "amount": 108.9, "side": "buy", "timestamp": 1764998932823}, {"id": "704239071", "price": 2.0372, "amount": 1281.7, "side": "buy", "timestamp": 1764998933174}, {"id": "704239072", "price": 2.0372, "amount": 386.7, "side": "buy", "timestamp": 1764998933413}, {"id": "704239073", "price": 2.0372, "amount": 2.8, "side": "sell", "timestamp": 1764998933433}, {"id": "704239074", "price": 2.0373, "amount": 10.0, "side": "buy", "timestamp": 1764998933787}, {"id": "704239075", "price": 2.0373, "amount": 4.1, "side": "buy", "timestamp": 1764998933888}, {"id": "704239076", "price": 2.0372, "amount": 3.4, "side": "sell", "timestamp": 1764998934099}, {"id": "704239077", "price": 2.0372, "amount": 1504.5, "side": "sell", "timestamp": 1764998934253}, {"id": "704239078", "price": 2.0372, "amount": 12.6, "side": "sell", "timestamp": 1764998934796}, {"id": "704239079", "price": 2.0373, "amount": 2.8, "side": "buy", "timestamp": 1764998935796}, {"id": "704239080", "price": 2.0372, "amount": 19.8, "side": "sell", "timestamp": 1764998937162}, {"id": "704239081", "price": 2.0373, "amount": 3.7, "side": "buy", "timestamp": 1764998938866}, {"id": "704239082", "price": 2.0373, "amount": 4.9, "side": "buy", "timestamp": 1764998939007}, {"id": "704239083", "price": 2.0373, "amount": 4.1, "side": "buy", "timestamp": 1764998939816}, {"id": "704239084", "price": 2.0372, "amount": 1000.0, "side": "sell", "timestamp": 1764998939970}, {"id": "704239085", "price": 2.0372, "amount": 2.7, "side": "sell", "timestamp": 1764998940911}, {"id": "704239086", "price": 2.0372, "amount": 3.8, "side": "sell", "timestamp": 1764998941072}, {"id": "704239087", "price": 2.0372, "amount": 168.1, "side": "sell", "timestamp": 1764998941616}, {"id": "704239088", "price": 2.0373, "amount": 4.9, "side": "buy", "timestamp": 1764998941836}, {"id": "704239089", "price": 2.0373, "amount": 2.9, "side": "buy", "timestamp": 1764998942510}, {"id": "704239090", "price": 2.0372, "amount": 4.6, "side": "sell", "timestamp": 1764998943015}, {"id": "704239091", "price": 2.0372, "amount": 253.7, "side": "sell", "timestamp": 1764998943139}, {"id": "704239092", "price": 2.0372, "amount": 13.2, "side": "sell", "timestamp": 1764998943412}, {"id": "704239093", "price": 2.0372, "amount": 6.2, "side": "sell", "timestamp": 1764998943828}, {"id": "704239094", "price": 2.0373, "amount": 4.1, "side": "buy", "timestamp": 1764998943896}, {"id": "704239095", "price": 2.0373, "amount": 2143.0, "side": "buy", "timestamp": 1764998944102}, {"id": "704239096", "price": 2.0374, "amount": 471.3, "side": "buy", "timestamp": 1764998944120}, {"id": "704239097", "price": 2.0375, "amount": 526.4, "side": "buy", "timestamp": 1764998944219}, {"id": "704239098", "price": 2.0376, "amount": 6.3, "side": "buy", "timestamp": 1764998944800}, {"id": "704239099", "price": 2.0376, "amount": 125.4, "side": "buy", "timestamp": 1764998945072}, {"id": "704239100", "price": 2.0376, "amount": 3195.0, "side": "buy", "timestamp": 1764998945951}, {"id": "704239101", "price": 2.0376, "amount": 3.9, "side": "buy", "timestamp": 1764998946580}, {"id": "704239102", "price": 2.0376, "amount": 21.2, "side": "buy", "timestamp": 1764998949759}, {"id": "704239103", "price": 2.0376, "amount": 15.1, "side": "buy", "timestamp": 1764998949991}, {"id": "704239104", "price": 2.0375, "amount": 5.2, "side": "sell", "timestamp": 1764998951244}, {"id": "704239105", "price": 2.0376, "amount": 2289.5, "side": "buy", "timestamp": 1764998951685}, {"id": "704239106", "price": 2.0377, "amount": 1814.7, "side": "buy", "timestamp": 1764998951926}, {"id": "704239107", "price": 2.0377, "amount": 2.8, "side": "sell", "timestamp": 1764998953206}, {"id": "704239108", "price": 2.0378, "amount": 422.4, "side": "buy", "timestamp": 1764998953802}, {"id": "704239109", "price": 2.0379, "amount": 4019.0, "side": "buy", "timestamp": 1764998953802}, {"id": "704239110", "price": 2.038, "amount": 4918.4, "side": "buy", "timestamp": 1764998953803}, {"id": "704239111", "price": 2.038, "amount": 9359.8, "side": "buy", "timestamp": 1764998954248}, {"id": "704239112", "price": 2.038, "amount": 500.0, "side": "buy", "timestamp": 1764998954385}, {"id": "704239113", "price": 2.0379, "amount": 8.4, "side": "sell", "timestamp": 1764998956288}, {"id": "704239114", "price": 2.038, "amount": 2.9, "side": "buy", "timestamp": 1764998956962}, {"id": "704239115", "price": 2.038, "amount": 2.6, "side": "buy", "timestamp": 1764998958521}, {"id": "704239151", "price": 2.0385, "amount": 2.6, "side": "sell", "timestamp": 1764998978237}, {"id": "704239152", "price": 2.0385, "amount": 2.8, "side": "sell", "timestamp": 1764998978972}, {"id": "704239153", "price": 2.0386, "amount": 123.0, "side": "buy", "timestamp": 1764998981137}, {"id": "704239154", "price": 2.0386, "amount": 113.4, "side": "buy", "timestamp": 1764998981882}, {"id": "704239155", "price": 2.0386, "amount": 2452.4, "side": "sell", "timestamp": 1764998983629}, {"id": "704239156", "price": 2.0386, "amount": 4.4, "side": "sell", "timestamp": 1764998984094}, {"id": "704239157", "price": 2.0387, "amount": 3.9, "side": "buy", "timestamp": 1764998984957}, {"id": "704239158", "price": 2.0386, "amount": 244.3, "side": "sell", "timestamp": 1764998986271}, {"id": "704239159", "price": 2.0385, "amount": 6053.2, "side": "sell", "timestamp": 1764998986272}, {"id": "704239160", "price": 2.0384, "amount": 982.2, "side": "sell", "timestamp": 1764998988158}, {"id": "704239161", "price": 2.0384, "amount": 10.1, "side": "sell", "timestamp": 1764998991048}, {"id": "704239162", "price": 2.0384, "amount": 5.8, "side": "sell", "timestamp": 1764998992187}, {"id": "704239163", "price": 2.0384, "amount": 4.0, "side": "sell", "timestamp": 1764998992380}, {"id": "704239164", "price": 2.0384, "amount": 3.7, "side": "sell", "timestamp": 1764998994650}, {"id": "704239165", "price": 2.0384, "amount": 3.3, "side": "sell", "timestamp": 1764998995039}, {"id": "704239166", "price": 2.0384, "amount": 4.4, "side": "sell", "timestamp": 1764998996375}, {"id": "704239167", "price": 2.0385, "amount": 4905.5, "side": "buy", "timestamp": 1764998996403}, {"id": "704239168", "price": 2.0385, "amount": 2.6, "side": "buy", "timestamp": 1764998997028}, {"id": "704239169", "price": 2.0385, "amount": 3.6, "side": "buy", "timestamp": 1764998997887}, {"id": "704239170", "price": 2.0385, "amount": 2.9, "side": "buy", "timestamp": 1764998998707}, {"id": "704239171", "price": 2.0385, "amount": 3.0, "side": "buy", "timestamp": 1764998998856}, {"id": "704239172", "price": 2.0385, "amount": 144.0, "side": "buy", "timestamp": 1764998999164}, {"id": "704239173", "price": 2.0384, "amount": 4.2, "side": "sell", "timestamp": 1764998999222}, {"id": "704239174", "price": 2.0385, "amount": 41.5, "side": "buy", "timestamp": 1764998999441}, {"id": "704239175", "price": 2.0384, "amount": 5.9, "side": "sell", "timestamp": 1764998999664}, {"id": "704239176", "price": 2.0385, "amount": 96.2, "side": "buy", "timestamp": 1764998999852}, {"id": "704239177", "price": 2.0384, "amount": 2748.8, "side": "sell", "timestamp": 1764999001244}, {"id": "704239178", "price": 2.0383, "amount": 341.8, "side": "sell", "timestamp": 1764999001257}, {"id": "704239179", "price": 2.0382, "amount": 889.7, "side": "sell", "timestamp": 1764999002012}, {"id": "704239180", "price": 2.0381, "amount": 2299.7, "side": "sell", "timestamp": 1764999002353}, {"id": "704239181", "price": 2.038, "amount": 211.2, "side": "sell", "timestamp": 1764999002368}, {"id": "704239182", "price": 2.0379, "amount": 5.8, "side": "sell", "timestamp": 1764999002403}, {"id": "704239183", "price": 2.0379, "amount": 132.2, "side": "sell", "timestamp": 1764999002519}, {"id": "704239184", "price": 2.0379, "amount": 3022.4, "side": "buy", "timestamp": 1764999002759}, {"id": "704239185", "price": 2.038, "amount": 5650.4, "side": "buy", "timestamp": 1764999002828}, {"id": "704239186", "price": 2.0381, "amount": 258.7, "side": "buy", "timestamp": 1764999002940}, {"id": "704239187", "price": 2.0382, "amount": 4526.2, "side": "buy", "timestamp": 1764999003027}, {"id": "704239188", "price": 2.0382, "amount": 11.5, "side": "sell", "timestamp": 1764999003085}, {"id": "704239189", "price": 2.0383, "amount": 170.6, "side": "buy", "timestamp": 1764999003098}, {"id": "704239190", "price": 2.0383, "amount": 38.6, "side": "sell", "timestamp": 1764999003481}, {"id": "704239191", "price": 2.0383, "amount": 41.9, "side": "sell", "timestamp": 1764999003646}, {"id": "704239192", "price": 2.0383, "amount": 11.0, "side": "sell", "timestamp": 1764999003804}, {"id": "704239193", "price": 2.0383, "amount": 11.7, "side": "sell", "timestamp": 1764999004161}, {"id": "704239194", "price": 2.0384, "amount": 4.0, "side": "buy", "timestamp": 1764999004832}, {"id": "704239195", "price": 2.0384, "amount": 64.8, "side": "buy", "timestamp": 1764999005049}, {"id": "704239196", "price": 2.0383, "amount": 5.1, "side": "sell", "timestamp": 1764999005086}, {"id": "704239197", "price": 2.0383, "amount": 15.2, "side": "sell", "timestamp": 1764999005912}, {"id": "704239198", "price": 2.0384, "amount": 7200.0, "side": "buy", "timestamp": 1764999006981}, {"id": "704239199", "price": 2.0384, "amount": 109.0, "side": "buy", "timestamp": 1764999007765}, {"id": "704239200", "price": 2.0384, "amount": 62.2, "side": "buy", "timestamp": 1764999009369}, {"id": "704239222", "price": 2.0381, "amount": 4.6, "side": "sell", "timestamp": 1764999026152}, {"id": "704239223", "price": 2.0381, "amount": 270.5, "side": "sell", "timestamp": 1764999026639}, {"id": "704239224", "price": 2.038, "amount": 2273.9, "side": "sell", "timestamp": 1764999028526}, {"id": "704239225", "price": 2.0381, "amount": 84.5, "side": "buy", "timestamp": 1764999028926}, {"id": "704239226", "price": 2.038, "amount": 270.7, "side": "sell", "timestamp": 1764999029226}, {"id": "704239227", "price": 2.038, "amount": 4.8, "side": "sell", "timestamp": 1764999029848}, {"id": "704239228", "price": 2.0381, "amount": 90.4, "side": "buy", "timestamp": 1764999032535}, {"id": "704239229", "price": 2.038, "amount": 127.8, "side": "sell", "timestamp": 1764999032838}, {"id": "704239230", "price": 2.038, "amount": 3.0, "side": "buy", "timestamp": 1764999032891}, {"id": "704239231", "price": 2.0379, "amount": 30.7, "side": "sell", "timestamp": 1764999033050}, {"id": "704239232", "price": 2.0379, "amount": 19.2, "side": "buy", "timestamp": 1764999033699}, {"id": "704239233", "price": 2.0379, "amount": 656.2, "side": "buy", "timestamp": 1764999034094}, {"id": "704239234", "price": 2.0378, "amount": 5.4, "side": "sell", "timestamp": 1764999034801}, {"id": "704239235", "price": 2.0378, "amount": 5.9, "side": "sell", "timestamp": 1764999035667}, {"id": "704239236", "price": 2.0379, "amount": 18.9, "side": "buy", "timestamp": 1764999036104}, {"id": "704239237", "price": 2.0378, "amount": 734.5, "side": "sell", "timestamp": 1764999036292}, {"id": "704239238", "price": 2.0377, "amount": 447.3, "side": "sell", "timestamp": 1764999036339}, {"id": "704239239", "price": 2.0376, "amount": 18.9, "side": "sell", "timestamp": 1764999037243}, {"id": "704239240", "price": 2.0376, "amount": 5.5, "side": "sell", "timestamp": 1764999039927}, {"id": "704239241", "price": 2.0376, "amount": 3.4, "side": "sell", "timestamp": 1764999040887}, {"id": "704239242", "price": 2.0377, "amount": 7.2, "side": "buy", "timestamp": 1764999041077}, {"id": "704239243", "price": 2.0377, "amount": 4.9, "side": "buy", "timestamp": 1764999041562}, {"id": "704239244", "price": 2.0376, "amount": 3.4, "side": "sell", "timestamp": 1764999041581}, {"id": "704239245", "price": 2.0376, "amount": 9235.1, "side": "sell", "timestamp": 1764999041982}, {"id": "704239246", "price": 2.0375, "amount": 124.7, "side": "sell", "timestamp": 1764999041982}, {"id": "704239247", "price": 2.0375, "amount": 3172.1, "side": "sell", "timestamp": 1764999042461}, {"id": "704239248", "price": 2.0374, "amount": 6187.7, "side": "sell", "timestamp": 1764999042461}, {"id": "704239249", "price": 2.0374, "amount": 3.8, "side": "buy", "timestamp": 1764999043395}, {"id": "704239250", "price": 2.0374, "amount": 8.0, "side": "buy", "timestamp": 1764999043706}, {"id": "704239251", "price": 2.0374, "amount": 73.6, "side": "buy", "timestamp": 1764999043893}, {"id": "704239252", "price": 2.0373, "amount": 2.9, "side": "sell", "timestamp": 1764999044040}, {"id": "704239253", "price": 2.0374, "amount": 12320.4, "side": "buy", "timestamp": 1764999044280}, {"id": "704239254", "price": 2.0375, "amount": 12.8, "side": "buy", "timestamp": 1764999044291}, {"id": "704239255", "price": 2.0375, "amount": 5.4, "side": "sell", "timestamp": 1764999044738}, {"id": "704239256", "price": 2.0376, "amount": 14.0, "side": "buy", "timestamp": 1764999044835}, {"id": "704239257", "price": 2.0376, "amount": 73.7, "side": "buy", "timestamp": 1764999047504}, {"id": "704239258", "price": 2.0375, "amount": 73.6, "side": "sell", "timestamp": 1764999048682}, {"id": "704239259", "price": 2.0375, "amount": 21.8, "side": "sell", "timestamp": 1764999050205}, {"id": "704239260", "price": 2.0375, "amount": 42.4, "side": "sell", "timestamp": 1764999050361}, {"id": "704239261", "price": 2.0376, "amount": 19.5, "side": "buy", "timestamp": 1764999052369}, {"id": "704239262", "price": 2.0376, "amount": 8.2, "side": "buy", "timestamp": 1764999054848}, {"id": "704239263", "price": 2.0375, "amount": 16.9, "side": "sell", "timestamp": 1764999056324}, {"id": "704239264", "price": 2.0376, "amount": 4.9, "side": "buy", "timestamp": 1764999056406}, {"id": "704239265", "price": 2.0375, "amount": 28.4, "side": "sell", "timestamp": 1764999057100}, {"id": "704239266", "price": 2.0376, "amount": 11.0, "side": "buy", "timestamp": 1764999057399}, {"id": "704239267", "price": 2.0376, "amount": 7.7, "side": "buy", "timestamp": 1764999057621}, {"id": "704239268", "price": 2.0376, "amount": 18.3, "side": "buy", "timestamp": 1764999060032}, {"id": "704239269", "price": 2.0376, "amount": 7.4, "side": "buy", "timestamp": 1764999060663}, {"id": "704239270", "price": 2.0375, "amount": 330.3, "side": "sell", "timestamp": 1764999061073}, {"id": "704239271", "price": 2.0375, "amount": 4605.7, "side": "sell", "timestamp": 1764999061367}, {"id": "704239305", "price": 2.0375, "amount": 590.5, "side": "buy", "timestamp": 1764999079932}, {"id": "704239306", "price": 2.0374, "amount": 23.6, "side": "sell", "timestamp": 1764999080238}, {"id": "704239307", "price": 2.0375, "amount": 14.0, "side": "buy", "timestamp": 1764999080352}, {"id": "704239308", "price": 2.0375, "amount": 28.7, "side": "buy", "timestamp": 1764999080495}, {"id": "704239309", "price": 2.0375, "amount": 3.8, "side": "buy", "timestamp": 1764999081591}, {"id": "704239310", "price": 2.0375, "amount": 3.7, "side": "buy", "timestamp": 1764999081714}, {"id": "704239311", "price": 2.0375, "amount": 5.9, "side": "buy", "timestamp": 1764999082105}, {"id": "704239312", "price": 2.0375, "amount": 3.1, "side": "buy", "timestamp": 1764999083729}, {"id": "704239313", "price": 2.0374, "amount": 79.5, "side": "sell", "timestamp": 1764999084238}, {"id": "704239314", "price": 2.0374, "amount": 36.8, "side": "sell", "timestamp": 1764999084709}, {"id": "704239315", "price": 2.0374, "amount": 13.6, "side": "sell", "timestamp": 1764999084837}, {"id": "704239316", "price": 2.0374, "amount": 5.0, "side": "sell", "timestamp": 1764999085034}, {"id": "704239317", "price": 2.0374, "amount": 3.8, "side": "sell", "timestamp": 1764999086895}, {"id": "704239318", "price": 2.0375, "amount": 6.6, "side": "buy", "timestamp": 1764999087794}, {"id": "704239319", "price": 2.0374, "amount": 18.1, "side": "sell", "timestamp": 1764999088847}, {"id": "704239320", "price": 2.0374, "amount": 17.0, "side": "sell", "timestamp": 1764999089930}, {"id": "704239321", "price": 2.0375, "amount": 3.1, "side": "buy", "timestamp": 1764999091814}, {"id": "704239322", "price": 2.0375, "amount": 35.0, "side": "buy", "timestamp": 1764999092703}, {"id": "704239323", "price": 2.0375, "amount": 3.5, "side": "buy", "timestamp": 1764999093826}, {"id": "704239324", "price": 2.0374, "amount": 7.4, "side": "sell", "timestamp": 1764999093859}, {"id": "704239325", "price": 2.0374, "amount": 12.6, "side": "sell", "timestamp": 1764999094964}, {"id": "704239326", "price": 2.0374, "amount": 4.8, "side": "sell", "timestamp": 1764999095078}, {"id": "704239327", "price": 2.0374, "amount": 3.2, "side": "sell", "timestamp": 1764999095526}, {"id": "704239328", "price": 2.0374, "amount": 553.8, "side": "sell", "timestamp": 1764999095904}, {"id": "704239329", "price": 2.0375, "amount": 2.9, "side": "buy", "timestamp": 1764999097845}, {"id": "704239330", "price": 2.0375, "amount": 136.9, "side": "buy", "timestamp": 1764999098963}, {"id": "704239331", "price": 2.0375, "amount": 6.6, "side": "buy", "timestamp": 1764999099856}, {"id": "704239332", "price": 2.0374, "amount": 4.5, "side": "sell", "timestamp": 1764999099862}, {"id": "704239333", "price": 2.0374, "amount": 12.0, "side": "sell", "timestamp": 1764999100031}, {"id": "704239334", "price": 2.0374, "amount": 1739.9, "side": "sell", "timestamp": 1764999101025}, {"id": "704239335", "price": 2.0375, "amount": 3.9, "side": "buy", "timestamp": 1764999101145}, {"id": "704239336", "price": 2.0375, "amount": 14.7, "side": "buy", "timestamp": 1764999101789}, {"id": "704239337", "price": 2.0375, "amount": 15.8, "side": "buy", "timestamp": 1764999103953}, {"id": "704239338", "price": 2.0374, "amount": 17.1, "side": "sell", "timestamp": 1764999104755}, {"id": "704239339", "price": 2.0375, "amount": 3.6, "side": "buy", "timestamp": 1764999105886}, {"id": "704239340", "price": 2.0375, "amount": 25.7, "side": "buy", "timestamp": 1764999106580}, {"id": "704239341", "price": 2.0374, "amount": 5.9, "side": "sell", "timestamp": 1764999107662}, {"id": "704239342", "price": 2.0375, "amount": 6.0, "side": "buy", "timestamp": 1764999107791}, {"id": "704239343", "price": 2.0375, "amount": 7.0, "side": "buy", "timestamp": 1764999108925}, {"id": "704239344", "price": 2.0374, "amount": 2.8, "side": "sell", "timestamp": 1764999108966}, {"id": "704239345", "price": 2.0375, "amount": 186.4, "side": "buy", "timestamp": 1764999109535}, {"id": "704239346", "price": 2.0374, "amount": 5.0, "side": "sell", "timestamp": 1764999109735}, {"id": "704239347", "price": 2.0374, "amount": 12.8, "side": "sell", "timestamp": 1764999110083}, {"id": "704239348", "price": 2.0375, "amount": 327.3, "side": "buy", "timestamp": 1764999111048}, {"id": "704239349", "price": 2.0374, "amount": 41.9, "side": "sell", "timestamp": 1764999111292}, {"id": "704239350", "price": 2.0375, "amount": 3.6, "side": "buy", "timestamp": 1764999111813}, {"id": "704239351", "price": 2.0374, "amount": 2.6, "side": "sell", "timestamp": 1764999111921}, {"id": "704239352", "price": 2.0375, "amount": 3.4, "side": "buy", "timestamp": 1764999112276}, {"id": "704239353", "price": 2.0374, "amount": 96.7, "side": "sell", "timestamp": 1764999112305}, {"id": "704239354", "price": 2.0375, "amount": 2.7, "side": "buy", "timestamp": 1764999112580}, {"id": "704239388", "price": 2.0371, "amount": 7.2, "side": "sell", "timestamp": 1764999136260}, {"id": "704239389", "price": 2.0372, "amount": 5.8, "side": "buy", "timestamp": 1764999136351}, {"id": "704239390", "price": 2.0371, "amount": 36.4, "side": "sell", "timestamp": 1764999136633}, {"id": "704239391", "price": 2.0372, "amount": 245.4, "side": "buy", "timestamp": 1764999138021}, {"id": "704239392", "price": 2.0372, "amount": 5.1, "side": "buy", "timestamp": 1764999139684}, {"id": "704239393", "price": 2.0371, "amount": 12.7, "side": "sell", "timestamp": 1764999139763}, {"id": "704239394", "price": 2.0371, "amount": 4.9, "side": "sell", "timestamp": 1764999140012}, {"id": "704239395", "price": 2.0372, "amount": 3.9, "side": "buy", "timestamp": 1764999140726}, {"id": "704239396", "price": 2.0372, "amount": 3.0, "side": "buy", "timestamp": 1764999140971}, {"id": "704239397", "price": 2.0372, "amount": 279.6, "side": "buy", "timestamp": 1764999141924}, {"id": "704239398", "price": 2.0372, "amount": 7.8, "side": "buy", "timestamp": 1764999142650}, {"id": "704239399", "price": 2.0371, "amount": 5.9, "side": "sell", "timestamp": 1764999143662}, {"id": "704239400", "price": 2.0372, "amount": 2.7, "side": "buy", "timestamp": 1764999143721}, {"id": "704239401", "price": 2.0371, "amount": 47.9, "side": "sell", "timestamp": 1764999143771}, {"id": "704239402", "price": 2.0372, "amount": 10.2, "side": "buy", "timestamp": 1764999144151}, {"id": "704239403", "price": 2.0371, "amount": 13.5, "side": "sell", "timestamp": 1764999144711}, {"id": "704239404", "price": 2.0371, "amount": 4.8, "side": "sell", "timestamp": 1764999144914}, {"id": "704239405", "price": 2.0371, "amount": 202.5, "side": "sell", "timestamp": 1764999145677}, {"id": "704239406", "price": 2.0372, "amount": 618.2, "side": "buy", "timestamp": 1764999146723}, {"id": "704239407", "price": 2.0372, "amount": 5.1, "side": "buy", "timestamp": 1764999148073}, {"id": "704239408", "price": 2.0372, "amount": 3.8, "side": "buy", "timestamp": 1764999148643}, {"id": "704239409", "price": 2.0372, "amount": 4.0, "side": "buy", "timestamp": 1764999148841}, {"id": "704239410", "price": 2.0372, "amount": 19.1, "side": "buy", "timestamp": 1764999149256}, {"id": "704239411", "price": 2.0371, "amount": 12.8, "side": "sell", "timestamp": 1764999149759}, {"id": "704239412", "price": 2.0371, "amount": 4.2, "side": "sell", "timestamp": 1764999150057}, {"id": "704239413", "price": 2.0372, "amount": 3.7, "side": "buy", "timestamp": 1764999150846}, {"id": "704239414", "price": 2.0372, "amount": 15.0, "side": "buy", "timestamp": 1764999150967}, {"id": "704239415", "price": 2.0372, "amount": 2.8, "side": "buy", "timestamp": 1764999151798}, {"id": "704239416", "price": 2.0372, "amount": 6425.0, "side": "buy", "timestamp": 1764999153575}, {"id": "704239417", "price": 2.0373, "amount": 4.2, "side": "buy", "timestamp": 1764999154846}, {"id": "704239418", "price": 2.0372, "amount": 23.4, "side": "sell", "timestamp": 1764999156888}, {"id": "704239419", "price": 2.0373, "amount": 12.4, "side": "buy", "timestamp": 1764999157432}, {"id": "704239420", "price": 2.0373, "amount": 386.6, "side": "buy", "timestamp": 1764999158669}, {"id": "704239421", "price": 2.0374, "amount": 1775.8, "side": "buy", "timestamp": 1764999158669}, {"id": "704239422", "price": 2.0375, "amount": 996.9, "side": "buy", "timestamp": 1764999158671}, {"id": "704239423", "price": 2.0375, "amount": 229.1, "side": "sell", "timestamp": 1764999158685}, {"id": "704239424", "price": 2.0376, "amount": 73.8, "side": "buy", "timestamp": 1764999158736}, {"id": "704239425", "price": 2.0376, "amount": 36.8, "side": "sell", "timestamp": 1764999158775}, {"id": "704239426", "price": 2.0377, "amount": 3.8, "side": "buy", "timestamp": 1764999158864}, {"id": "704239427", "price": 2.0377, "amount": 4.7, "side": "buy", "timestamp": 1764999159180}, {"id": "704239428", "price": 2.0377, "amount": 3.9, "side": "buy", "timestamp": 1764999159569}, {"id": "704239429", "price": 2.0377, "amount": 2.8, "side": "buy", "timestamp": 1764999159818}, {"id": "704239430", "price": 2.0377, "amount": 3.8, "side": "buy", "timestamp": 1764999159973}, {"id": "704239431", "price": 2.0376, "amount": 98.1, "side": "sell", "timestamp": 1764999160777}, {"id": "704239432", "price": 2.0377, "amount": 4.1, "side": "buy", "timestamp": 1764999160875}, {"id": "704239433", "price": 2.0376, "amount": 59.4, "side": "sell", "timestamp": 1764999161435}, {"id": "704239434", "price": 2.0376, "amount": 1836.1, "side": "sell", "timestamp": 1764999162616}, {"id": "704239435", "price": 2.0375, "amount": 3.2, "side": "sell", "timestamp": 1764999163455}, {"id": "704239436", "price": 2.0375, "amount": 2520.4, "side": "sell", "timestamp": 1764999164431}, {"id": "704239437", "price": 2.0374, "amount": 49.0, "side": "sell", "timestamp": 1764999164757}, {"id": "704239479", "price": 2.0371, "amount": 50.2, "side": "sell", "timestamp": 1764999191909}, {"id": "704239480", "price": 2.0371, "amount": 3605.6, "side": "sell", "timestamp": 1764999192041}, {"id": "704239481", "price": 2.0371, "amount": 9.7, "side": "buy", "timestamp": 1764999192145}, {"id": "704239482", "price": 2.0371, "amount": 13.0, "side": "buy", "timestamp": 1764999193044}, {"id": "704239483", "price": 2.037, "amount": 3.6, "side": "sell", "timestamp": 1764999193173}, {"id": "704239484", "price": 2.0371, "amount": 490.9, "side": "buy", "timestamp": 1764999194710}, {"id": "704239485", "price": 2.037, "amount": 8.4, "side": "sell", "timestamp": 1764999194845}, {"id": "704239486", "price": 2.0371, "amount": 5.1, "side": "buy", "timestamp": 1764999195069}, {"id": "704239487", "price": 2.037, "amount": 14.7, "side": "sell", "timestamp": 1764999195259}, {"id": "704239488", "price": 2.0371, "amount": 4.6, "side": "buy", "timestamp": 1764999196290}, {"id": "704239489", "price": 2.037, "amount": 10.2, "side": "sell", "timestamp": 1764999196889}, {"id": "704239490", "price": 2.037, "amount": 12.7, "side": "sell", "timestamp": 1764999198307}, {"id": "704239491", "price": 2.037, "amount": 4.4, "side": "sell", "timestamp": 1764999198795}, {"id": "704239492", "price": 2.0371, "amount": 4.0, "side": "buy", "timestamp": 1764999199238}, {"id": "704239493", "price": 2.0371, "amount": 46.5, "side": "buy", "timestamp": 1764999199343}, {"id": "704239494", "price": 2.037, "amount": 7.3, "side": "sell", "timestamp": 1764999199820}, {"id": "704239495", "price": 2.037, "amount": 100.0, "side": "sell", "timestamp": 1764999203773}, {"id": "704239496", "price": 2.037, "amount": 8.5, "side": "sell", "timestamp": 1764999205014}, {"id": "704239497", "price": 2.037, "amount": 86.0, "side": "sell", "timestamp": 1764999205620}, {"id": "704239498", "price": 2.0371, "amount": 10.4, "side": "buy", "timestamp": 1764999205675}, {"id": "704239499", "price": 2.037, "amount": 1788.4, "side": "sell", "timestamp": 1764999205724}, {"id": "704239500", "price": 2.0371, "amount": 119.5, "side": "buy", "timestamp": 1764999205762}, {"id": "704239501", "price": 2.0371, "amount": 5.1, "side": "buy", "timestamp": 1764999206917}, {"id": "704239502", "price": 2.037, "amount": 68.7, "side": "sell", "timestamp": 1764999207805}, {"id": "704239503", "price": 2.037, "amount": 4255.3, "side": "sell", "timestamp": 1764999208233}, {"id": "704239504", "price": 2.0369, "amount": 4874.7, "side": "sell", "timestamp": 1764999208235}, {"id": "704239505", "price": 2.0368, "amount": 10488.6, "side": "sell", "timestamp": 1764999208239}, {"id": "704239506", "price": 2.0367, "amount": 3884.8, "side": "sell", "timestamp": 1764999208260}, {"id": "704239507", "price": 2.0366, "amount": 11.8, "side": "sell", "timestamp": 1764999208408}, {"id": "704239508", "price": 2.0366, "amount": 2881.0, "side": "sell", "timestamp": 1764999208509}, {"id": "704239509", "price": 2.0365, "amount": 427.4, "side": "sell", "timestamp": 1764999208509}, {"id": "704239510", "price": 2.0364, "amount": 7053.3, "side": "sell", "timestamp": 1764999208509}, {"id": "704239511", "price": 2.0363, "amount": 2818.3, "side": "sell", "timestamp": 1764999208509}, {"id": "704239512", "price": 2.0365, "amount": 151.4, "side": "buy", "timestamp": 1764999208547}, {"id": "704239513", "price": 2.0364, "amount": 7.8, "side": "sell", "timestamp": 1764999208548}, {"id": "704239514", "price": 2.0364, "amount": 14766.5, "side": "sell", "timestamp": 1764999208687}, {"id": "704239515", "price": 2.0365, "amount": 887.3, "side": "buy", "timestamp": 1764999209276}, {"id": "704239516", "price": 2.0364, "amount": 8.2, "side": "sell", "timestamp": 1764999209823}, {"id": "704239517", "price": 2.0365, "amount": 49.0, "side": "buy", "timestamp": 1764999210225}, {"id": "704239518", "price": 2.0365, "amount": 606.8, "side": "buy", "timestamp": 1764999211041}, {"id": "704239519", "price": 2.0364, "amount": 60.5, "side": "sell", "timestamp": 1764999212500}, {"id": "704239520", "price": 2.0364, "amount": 8.7, "side": "sell", "timestamp": 1764999213051}, {"id": "704239521", "price": 2.0364, "amount": 1242.2, "side": "sell", "timestamp": 1764999214018}, {"id": "704239522", "price": 2.0365, "amount": 3.6, "side": "buy", "timestamp": 1764999214037}, {"id": "704239523", "price": 2.0364, "amount": 60.0, "side": "sell", "timestamp": 1764999214544}, {"id": "704239524", "price": 2.0364, "amount": 8.8, "side": "sell", "timestamp": 1764999215102}, {"id": "704239525", "price": 2.0364, "amount": 5.9, "side": "sell", "timestamp": 1764999215667}, {"id": "704239526", "price": 2.0365, "amount": 3.5, "side": "buy", "timestamp": 1764999215786}, {"id": "704239527", "price": 2.0365, "amount": 53.9, "side": "buy", "timestamp": 1764999216238}, {"id": "704239528", "price": 2.0364, "amount": 56.1, "side": "sell", "timestamp": 1764999216474}, {"id": "704239569", "price": 2.0367, "amount": 3.9, "side": "buy", "timestamp": 1764999245974}, {"id": "704239570", "price": 2.0366, "amount": 492.3, "side": "sell", "timestamp": 1764999246715}, {"id": "704239571", "price": 2.0366, "amount": 1403.7, "side": "sell", "timestamp": 1764999247254}, {"id": "704239572", "price": 2.0365, "amount": 506.6, "side": "sell", "timestamp": 1764999247315}, {"id": "704239573", "price": 2.0365, "amount": 151.4, "side": "buy", "timestamp": 1764999247436}, {"id": "704239574", "price": 2.0364, "amount": 2.8, "side": "sell", "timestamp": 1764999249513}, {"id": "704239575", "price": 2.0365, "amount": 42.1, "side": "buy", "timestamp": 1764999250222}, {"id": "704239576", "price": 2.0365, "amount": 21.1, "side": "buy", "timestamp": 1764999250820}, {"id": "704239577", "price": 2.0364, "amount": 5.9, "side": "sell", "timestamp": 1764999251664}, {"id": "704239578", "price": 2.0365, "amount": 14.6, "side": "buy", "timestamp": 1764999251816}, {"id": "704239579", "price": 2.0364, "amount": 1688.0, "side": "sell", "timestamp": 1764999251819}, {"id": "704239580", "price": 2.0364, "amount": 151.4, "side": "buy", "timestamp": 1764999251895}, {"id": "704239581", "price": 2.0363, "amount": 245.5, "side": "sell", "timestamp": 1764999252519}, {"id": "704239582", "price": 2.0363, "amount": 1088.5, "side": "sell", "timestamp": 1764999253711}, {"id": "704239583", "price": 2.0362, "amount": 6043.9, "side": "sell", "timestamp": 1764999253744}, {"id": "704239584", "price": 2.0361, "amount": 2149.3, "side": "sell", "timestamp": 1764999253744}, {"id": "704239585", "price": 2.036, "amount": 212.8, "side": "sell", "timestamp": 1764999253750}, {"id": "704239586", "price": 2.036, "amount": 72.8, "side": "sell", "timestamp": 1764999253927}, {"id": "704239587", "price": 2.036, "amount": 2.5, "side": "sell", "timestamp": 1764999254585}, {"id": "704239588", "price": 2.036, "amount": 8.0, "side": "sell", "timestamp": 1764999254733}, {"id": "704239589", "price": 2.036, "amount": 12.3, "side": "sell", "timestamp": 1764999254873}, {"id": "704239590", "price": 2.0361, "amount": 82.0, "side": "buy", "timestamp": 1764999255079}, {"id": "704239591", "price": 2.036, "amount": 281.6, "side": "sell", "timestamp": 1764999255807}, {"id": "704239592", "price": 2.0361, "amount": 271.3, "side": "buy", "timestamp": 1764999255857}, {"id": "704239593", "price": 2.036, "amount": 1250.7, "side": "sell", "timestamp": 1764999256136}, {"id": "704239594", "price": 2.0359, "amount": 7.3, "side": "sell", "timestamp": 1764999256301}, {"id": "704239595", "price": 2.036, "amount": 5.1, "side": "buy", "timestamp": 1764999256447}, {"id": "704239596", "price": 2.0359, "amount": 245.6, "side": "sell", "timestamp": 1764999256587}, {"id": "704239597", "price": 2.0359, "amount": 41.5, "side": "sell", "timestamp": 1764999256849}, {"id": "704239598", "price": 2.0359, "amount": 497.2, "side": "sell", "timestamp": 1764999257064}, {"id": "704239599", "price": 2.0359, "amount": 151.5, "side": "buy", "timestamp": 1764999257107}, {"id": "704239600", "price": 2.0359, "amount": 3.8, "side": "buy", "timestamp": 1764999257354}, {"id": "704239601", "price": 2.0359, "amount": 94.6, "side": "buy", "timestamp": 1764999257481}, {"id": "704239602", "price": 2.0358, "amount": 736.8, "side": "sell", "timestamp": 1764999257890}, {"id": "704239603", "price": 2.0358, "amount": 1312.1, "side": "sell", "timestamp": 1764999258032}, {"id": "704239604", "price": 2.0357, "amount": 33.0, "side": "sell", "timestamp": 1764999258032}, {"id": "704239605", "price": 2.0357, "amount": 719.0, "side": "sell", "timestamp": 1764999258376}, {"id": "704239606", "price": 2.0357, "amount": 423.3, "side": "buy", "timestamp": 1764999258512}, {"id": "704239607", "price": 2.0356, "amount": 19.8, "side": "sell", "timestamp": 1764999260002}, {"id": "704239608", "price": 2.0356, "amount": 245.6, "side": "sell", "timestamp": 1764999263037}, {"id": "704239609", "price": 2.0357, "amount": 687.7, "side": "buy", "timestamp": 1764999263248}, {"id": "704239610", "price": 2.0356, "amount": 222.0, "side": "sell", "timestamp": 1764999263345}, {"id": "704239611", "price": 2.0357, "amount": 824.1, "side": "buy", "timestamp": 1764999263845}, {"id": "704239612", "price": 2.0356, "amount": 14.4, "side": "sell", "timestamp": 1764999264766}, {"id": "704239613", "price": 2.0356, "amount": 8.0, "side": "sell", "timestamp": 1764999265077}, {"id": "704239614", "price": 2.0356, "amount": 49.1, "side": "sell", "timestamp": 1764999265854}, {"id": "704239615", "price": 2.0357, "amount": 1141.4, "side": "buy", "timestamp": 1764999266232}, {"id": "704239616", "price": 2.0357, "amount": 11.1, "side": "buy", "timestamp": 1764999267210}, {"id": "704239617", "price": 2.0356, "amount": 83.9, "side": "sell", "timestamp": 1764999267263}, {"id": "704239618", "price": 2.0357, "amount": 5.1, "side": "buy", "timestamp": 1764999267350}, {"id": "704239644", "price": 2.0362, "amount": 809.1, "side": "sell", "timestamp": 1764999281917}, {"id": "704239645", "price": 2.0362, "amount": 1159.8, "side": "sell", "timestamp": 1764999282103}, {"id": "704239646", "price": 2.0363, "amount": 3.0, "side": "buy", "timestamp": 1764999282706}, {"id": "704239647", "price": 2.0362, "amount": 367.2, "side": "sell", "timestamp": 1764999282815}, {"id": "704239648", "price": 2.0362, "amount": 5.1, "side": "buy", "timestamp": 1764999283340}, {"id": "704239649", "price": 2.0361, "amount": 22.9, "side": "sell", "timestamp": 1764999283396}, {"id": "704239650", "price": 2.0362, "amount": 929.1, "side": "buy", "timestamp": 1764999286135}, {"id": "704239651", "price": 2.0361, "amount": 1525.3, "side": "sell", "timestamp": 1764999286161}, {"id": "704239652", "price": 2.0362, "amount": 3.3, "side": "buy", "timestamp": 1764999286814}, {"id": "704239653", "price": 2.0361, "amount": 5.9, "side": "sell", "timestamp": 1764999287662}, {"id": "704239654", "price": 2.0362, "amount": 3.0, "side": "buy", "timestamp": 1764999287936}, {"id": "704239655", "price": 2.0362, "amount": 10.9, "side": "buy", "timestamp": 1764999288942}, {"id": "704239656", "price": 2.0361, "amount": 6.8, "side": "sell", "timestamp": 1764999289797}, {"id": "704239657", "price": 2.0361, "amount": 11.6, "side": "sell", "timestamp": 1764999289989}, {"id": "704239658", "price": 2.0361, "amount": 3.1, "side": "sell", "timestamp": 1764999291861}, {"id": "704239659", "price": 2.0362, "amount": 85.9, "side": "buy", "timestamp": 1764999292121}, {"id": "704239660", "price": 2.0362, "amount": 12.8, "side": "buy", "timestamp": 1764999293707}, {"id": "704239661", "price": 2.0362, "amount": 3.9, "side": "buy", "timestamp": 1764999296090}, {"id": "704239662", "price": 2.0362, "amount": 199.4, "side": "buy", "timestamp": 1764999296749}, {"id": "704239663", "price": 2.0363, "amount": 3.3, "side": "buy", "timestamp": 1764999296822}, {"id": "704239664", "price": 2.0363, "amount": 374.8, "side": "buy", "timestamp": 1764999297485}, {"id": "704239665", "price": 2.0364, "amount": 2958.6, "side": "buy", "timestamp": 1764999297490}, {"id": "704239666", "price": 2.0365, "amount": 318.5, "side": "buy", "timestamp": 1764999297495}, {"id": "704239667", "price": 2.0364, "amount": 3.1, "side": "sell", "timestamp": 1764999298066}, {"id": "704239668", "price": 2.0364, "amount": 3.2, "side": "sell", "timestamp": 1764999298389}, {"id": "704239669", "price": 2.0365, "amount": 4.2, "side": "buy", "timestamp": 1764999298680}, {"id": "704239670", "price": 2.0365, "amount": 3.8, "side": "buy", "timestamp": 1764999298830}, {"id": "704239671", "price": 2.0365, "amount": 108.5, "side": "buy", "timestamp": 1764999300154}, {"id": "704239672", "price": 2.0364, "amount": 9.2, "side": "sell", "timestamp": 1764999300597}, {"id": "704239673", "price": 2.0365, "amount": 4.9, "side": "buy", "timestamp": 1764999300701}, {"id": "704239674", "price": 2.0364, "amount": 9.8, "side": "sell", "timestamp": 1764999300824}, {"id": "704239675", "price": 2.0364, "amount": 503.1, "side": "sell", "timestamp": 1764999301370}, {"id": "704239676", "price": 2.0364, "amount": 8.0, "side": "sell", "timestamp": 1764999301645}, {"id": "704239677", "price": 2.0364, "amount": 2.6, "side": "sell", "timestamp": 1764999302256}, {"id": "704239678", "price": 2.0365, "amount": 4.5, "side": "buy", "timestamp": 1764999302856}, {"id": "704239679", "price": 2.0365, "amount": 4.7, "side": "buy", "timestamp": 1764999303311}, {"id": "704239680", "price": 2.0365, "amount": 165.0, "side": "buy", "timestamp": 1764999303753}, {"id": "704239681", "price": 2.0365, "amount": 3.7, "side": "buy", "timestamp": 1764999304196}, {"id": "704239682", "price": 2.0365, "amount": 3.3, "side": "buy", "timestamp": 1764999305619}, {"id": "704239683", "price": 2.0364, "amount": 2178.5, "side": "sell", "timestamp": 1764999305785}, {"id": "704239684", "price": 2.0364, "amount": 11.7, "side": "sell", "timestamp": 1764999306238}, {"id": "704239685", "price": 2.0364, "amount": 3.6, "side": "sell", "timestamp": 1764999309629}, {"id": "704239686", "price": 2.0364, "amount": 5.2, "side": "sell", "timestamp": 1764999312205}, {"id": "704239687", "price": 2.0365, "amount": 9.0, "side": "buy", "timestamp": 1764999313455}, {"id": "704239688", "price": 2.0365, "amount": 999.1, "side": "buy", "timestamp": 1764999313645}, {"id": "704239689", "price": 2.0366, "amount": 83.8, "side": "buy", "timestamp": 1764999313667}, {"id": "704239690", "price": 2.0366, "amount": 4.5, "side": "sell", "timestamp": 1764999314046}, {"id": "704239691", "price": 2.0367, "amount": 16.1, "side": "buy", "timestamp": 1764999315655}, {"id": "704239692", "price": 2.0367, "amount": 112.9, "side": "buy", "timestamp": 1764999316615}, {"id": "704239693", "price": 2.0366, "amount": 9.4, "side": "sell", "timestamp": 1764999318580}, {"id": "704239743", "price": 2.0376, "amount": 3.3, "side": "buy", "timestamp": 1764999347874}, {"id": "704239744", "price": 2.0376, "amount": 2.9, "side": "buy", "timestamp": 1764999347978}, {"id": "704239745", "price": 2.0375, "amount": 14.6, "side": "sell", "timestamp": 1764999349889}, {"id": "704239746", "price": 2.0376, "amount": 83.6, "side": "buy", "timestamp": 1764999350597}, {"id": "704239747", "price": 2.0376, "amount": 4.3, "side": "buy", "timestamp": 1764999350825}, {"id": "704239748", "price": 2.0375, "amount": 1377.9, "side": "sell", "timestamp": 1764999351185}, {"id": "704239749", "price": 2.0375, "amount": 88.0, "side": "sell", "timestamp": 1764999353126}, {"id": "704239750", "price": 2.0376, "amount": 5.7, "side": "buy", "timestamp": 1764999353293}, {"id": "704239751", "price": 2.0376, "amount": 3.8, "side": "buy", "timestamp": 1764999353671}, {"id": "704239752", "price": 2.0376, "amount": 997.5, "side": "buy", "timestamp": 1764999353799}, {"id": "704239753", "price": 2.0376, "amount": 24.2, "side": "buy", "timestamp": 1764999354145}, {"id": "704239754", "price": 2.0376, "amount": 3.4, "side": "buy", "timestamp": 1764999355806}, {"id": "704239755", "price": 2.0376, "amount": 6.6, "side": "buy", "timestamp": 1764999355910}, {"id": "704239756", "price": 2.0376, "amount": 6.0, "side": "buy", "timestamp": 1764999356352}, {"id": "704239757", "price": 2.0376, "amount": 16.2, "side": "buy", "timestamp": 1764999356855}, {"id": "704239758", "price": 2.0375, "amount": 2.7, "side": "sell", "timestamp": 1764999358376}, {"id": "704239759", "price": 2.0376, "amount": 356.6, "side": "buy", "timestamp": 1764999358382}, {"id": "704239760", "price": 2.0376, "amount": 8.4, "side": "buy", "timestamp": 1764999359541}, {"id": "704239761", "price": 2.0375, "amount": 5.9, "side": "sell", "timestamp": 1764999359664}, {"id": "704239762", "price": 2.0376, "amount": 49.0, "side": "buy", "timestamp": 1764999360474}, {"id": "704239763", "price": 2.0376, "amount": 4.3, "side": "buy", "timestamp": 1764999360834}, {"id": "704239764", "price": 2.0375, "amount": 5.5, "side": "sell", "timestamp": 1764999361005}, {"id": "704239765", "price": 2.0376, "amount": 3.7, "side": "buy", "timestamp": 1764999361034}, {"id": "704239766", "price": 2.0375, "amount": 3.8, "side": "sell", "timestamp": 1764999361194}, {"id": "704239767", "price": 2.0375, "amount": 21.5, "side": "sell", "timestamp": 1764999361449}, {"id": "704239768", "price": 2.0376, "amount": 22.2, "side": "buy", "timestamp": 1764999361496}, {"id": "704239769", "price": 2.0375, "amount": 19.3, "side": "sell", "timestamp": 1764999361731}, {"id": "704239770", "price": 2.0376, "amount": 5.8, "side": "buy", "timestamp": 1764999361850}, {"id": "704239771", "price": 2.0376, "amount": 5.0, "side": "buy", "timestamp": 1764999361953}, {"id": "704239772", "price": 2.0375, "amount": 8.3, "side": "sell", "timestamp": 1764999361970}, {"id": "704239773", "price": 2.0375, "amount": 6.0, "side": "sell", "timestamp": 1764999362192}, {"id": "704239774", "price": 2.0376, "amount": 211.2, "side": "buy", "timestamp": 1764999362751}, {"id": "704239775", "price": 2.0376, "amount": 10.2, "side": "buy", "timestamp": 1764999362877}, {"id": "704239776", "price": 2.0376, "amount": 15.3, "side": "buy", "timestamp": 1764999364931}, {"id": "704239777", "price": 2.0375, "amount": 5.4, "side": "sell", "timestamp": 1764999365586}, {"id": "704239778", "price": 2.0376, "amount": 36.0, "side": "buy", "timestamp": 1764999365893}, {"id": "704239779", "price": 2.0375, "amount": 50.0, "side": "sell", "timestamp": 1764999366192}, {"id": "704239780", "price": 2.0376, "amount": 269.5, "side": "buy", "timestamp": 1764999366766}, {"id": "704239781", "price": 2.0375, "amount": 5681.7, "side": "sell", "timestamp": 1764999367657}, {"id": "704239782", "price": 2.0374, "amount": 2857.5, "side": "sell", "timestamp": 1764999367662}, {"id": "704239783", "price": 2.0374, "amount": 387.8, "side": "buy", "timestamp": 1764999367688}, {"id": "704239784", "price": 2.0373, "amount": 3783.2, "side": "sell", "timestamp": 1764999368374}, {"id": "704239785", "price": 2.0373, "amount": 12.5, "side": "buy", "timestamp": 1764999368383}, {"id": "704239786", "price": 2.0372, "amount": 675.9, "side": "sell", "timestamp": 1764999368451}, {"id": "704239787", "price": 2.0371, "amount": 260.9, "side": "sell", "timestamp": 1764999368454}, {"id": "704239788", "price": 2.037, "amount": 3567.5, "side": "sell", "timestamp": 1764999368454}, {"id": "704239789", "price": 2.037, "amount": 48.4, "side": "sell", "timestamp": 1764999369582}, {"id": "704239790", "price": 2.037, "amount": 14.8, "side": "sell", "timestamp": 1764999369763}, {"id": "704239791", "price": 2.037, "amount": 17.7, "side": "sell", "timestamp": 1764999369882}, {"id": "704239792", "price": 2.037, "amount": 7.7, "side": "sell", "timestamp": 1764999370095}, {"id": "704239812", "price": 2.0368, "amount": 834.5, "side": "buy", "timestamp": 1764999387533}, {"id": "704239813", "price": 2.0369, "amount": 257.2, "side": "buy", "timestamp": 1764999387545}, {"id": "704239814", "price": 2.0369, "amount": 3.1, "side": "sell", "timestamp": 1764999389427}, {"id": "704239815", "price": 2.0369, "amount": 106.2, "side": "sell", "timestamp": 1764999390362}, {"id": "704239816", "price": 2.037, "amount": 3.8, "side": "buy", "timestamp": 1764999392010}, {"id": "704239817", "price": 2.0369, "amount": 23.2, "side": "sell", "timestamp": 1764999392820}, {"id": "704239818", "price": 2.0369, "amount": 100.6, "side": "sell", "timestamp": 1764999393304}, {"id": "704239819", "price": 2.037, "amount": 98.1, "side": "buy", "timestamp": 1764999394023}, {"id": "704239820", "price": 2.037, "amount": 5.7, "side": "buy", "timestamp": 1764999394984}, {"id": "704239821", "price": 2.0369, "amount": 5.9, "side": "sell", "timestamp": 1764999395671}, {"id": "704239822", "price": 2.037, "amount": 4.3, "side": "buy", "timestamp": 1764999395685}, {"id": "704239823", "price": 2.0369, "amount": 9.3, "side": "sell", "timestamp": 1764999395805}, {"id": "704239824", "price": 2.037, "amount": 2.9, "side": "buy", "timestamp": 1764999396797}, {"id": "704239825", "price": 2.0369, "amount": 11.9, "side": "sell", "timestamp": 1764999397328}, {"id": "704239826", "price": 2.037, "amount": 186.3, "side": "buy", "timestamp": 1764999397610}, {"id": "704239827", "price": 2.037, "amount": 656.5, "side": "buy", "timestamp": 1764999398063}, {"id": "704239828", "price": 2.0369, "amount": 51.7, "side": "sell", "timestamp": 1764999398279}, {"id": "704239829", "price": 2.037, "amount": 114.7, "side": "buy", "timestamp": 1764999399947}, {"id": "704239830", "price": 2.0369, "amount": 3.0, "side": "sell", "timestamp": 1764999400770}, {"id": "704239831", "price": 2.0369, "amount": 67.6, "side": "sell", "timestamp": 1764999400971}, {"id": "704239832", "price": 2.0369, "amount": 3.1, "side": "sell", "timestamp": 1764999401337}, {"id": "704239833", "price": 2.037, "amount": 8.1, "side": "buy", "timestamp": 1764999401735}, {"id": "704239834", "price": 2.037, "amount": 73.6, "side": "buy", "timestamp": 1764999402796}, {"id": "704239835", "price": 2.0369, "amount": 18.8, "side": "sell", "timestamp": 1764999402872}, {"id": "704239836", "price": 2.037, "amount": 4.9, "side": "buy", "timestamp": 1764999402968}, {"id": "704239837", "price": 2.0369, "amount": 2.6, "side": "sell", "timestamp": 1764999403071}, {"id": "704239838", "price": 2.037, "amount": 2.9, "side": "buy", "timestamp": 1764999404703}, {"id": "704239839", "price": 2.0369, "amount": 30.4, "side": "sell", "timestamp": 1764999405116}, {"id": "704239840", "price": 2.037, "amount": 4.1, "side": "buy", "timestamp": 1764999407814}, {"id": "704239841", "price": 2.037, "amount": 3.0, "side": "buy", "timestamp": 1764999408207}, {"id": "704239842", "price": 2.0369, "amount": 63.1, "side": "sell", "timestamp": 1764999409440}, {"id": "704239843", "price": 2.037, "amount": 3.8, "side": "buy", "timestamp": 1764999409669}, {"id": "704239844", "price": 2.0369, "amount": 740.4, "side": "sell", "timestamp": 1764999409869}, {"id": "704239845", "price": 2.0369, "amount": 13.8, "side": "sell", "timestamp": 1764999410095}, {"id": "704239846", "price": 2.037, "amount": 3.8, "side": "buy", "timestamp": 1764999410859}, {"id": "704239847", "price": 2.037, "amount": 5.7, "side": "buy", "timestamp": 1764999411348}, {"id": "704239848", "price": 2.0369, "amount": 15.7, "side": "sell", "timestamp": 1764999411690}, {"id": "704239849", "price": 2.037, "amount": 3.0, "side": "buy", "timestamp": 1764999412894}, {"id": "704239850", "price": 2.0369, "amount": 2.7, "side": "sell", "timestamp": 1764999412930}, {"id": "704239851", "price": 2.037, "amount": 4.1, "side": "buy", "timestamp": 1764999413870}, {"id": "704239852", "price": 2.0369, "amount": 13.0, "side": "sell", "timestamp": 1764999415300}, {"id": "704239853", "price": 2.0369, "amount": 3.2, "side": "sell", "timestamp": 1764999416465}, {"id": "704239854", "price": 2.0369, "amount": 31.8, "side": "sell", "timestamp": 1764999417174}, {"id": "704239855", "price": 2.037, "amount": 3.8, "side": "buy", "timestamp": 1764999417866}, {"id": "704239856", "price": 2.0369, "amount": 30.4, "side": "sell", "timestamp": 1764999418377}, {"id": "704239857", "price": 2.037, "amount": 4.4, "side": "buy", "timestamp": 1764999419877}, {"id": "704239858", "price": 2.0369, "amount": 271.9, "side": "sell", "timestamp": 1764999420424}, {"id": "704239859", "price": 2.037, "amount": 2.9, "side": "buy", "timestamp": 1764999420826}, {"id": "704239860", "price": 2.037, "amount": 123.5, "side": "buy", "timestamp": 1764999422740}, {"id": "704239861", "price": 2.0369, "amount": 3.3, "side": "sell", "timestamp": 1764999423440}, {"id": "704239904", "price": 2.0373, "amount": 51.2, "side": "buy", "timestamp": 1764999439272}, {"id": "704239905", "price": 2.0374, "amount": 6.3, "side": "buy", "timestamp": 1764999440725}, {"id": "704239906", "price": 2.0373, "amount": 51.2, "side": "sell", "timestamp": 1764999441851}, {"id": "704239907", "price": 2.0373, "amount": 2.9, "side": "sell", "timestamp": 1764999442341}, {"id": "704239908", "price": 2.0373, "amount": 6.7, "side": "sell", "timestamp": 1764999442740}, {"id": "704239909", "price": 2.0374, "amount": 3.1, "side": "buy", "timestamp": 1764999444788}, {"id": "704239910", "price": 2.0373, "amount": 28.0, "side": "sell", "timestamp": 1764999445670}, {"id": "704239911", "price": 2.0374, "amount": 3.3, "side": "buy", "timestamp": 1764999445688}, {"id": "704239912", "price": 2.0373, "amount": 15.2, "side": "sell", "timestamp": 1764999445834}, {"id": "704239913", "price": 2.0374, "amount": 3.1, "side": "buy", "timestamp": 1764999446802}, {"id": "704239914", "price": 2.0374, "amount": 49.0, "side": "buy", "timestamp": 1764999448505}, {"id": "704239915", "price": 2.0374, "amount": 3.2, "side": "buy", "timestamp": 1764999448808}, {"id": "704239916", "price": 2.0374, "amount": 4.0, "side": "buy", "timestamp": 1764999449590}, {"id": "704239917", "price": 2.0373, "amount": 5.7, "side": "sell", "timestamp": 1764999449719}, {"id": "704239918", "price": 2.0373, "amount": 13.0, "side": "sell", "timestamp": 1764999449872}, {"id": "704239919", "price": 2.0373, "amount": 2.9, "side": "sell", "timestamp": 1764999450563}, {"id": "704239920", "price": 2.0373, "amount": 55.1, "side": "sell", "timestamp": 1764999450807}, {"id": "704239921", "price": 2.0374, "amount": 5.4, "side": "buy", "timestamp": 1764999452684}, {"id": "704239922", "price": 2.0373, "amount": 72.9, "side": "sell", "timestamp": 1764999452701}, {"id": "704239923", "price": 2.0374, "amount": 6.2, "side": "buy", "timestamp": 1764999452836}, {"id": "704239924", "price": 2.0373, "amount": 2292.7, "side": "sell", "timestamp": 1764999452945}, {"id": "704239925", "price": 2.0372, "amount": 329.2, "side": "sell", "timestamp": 1764999453030}, {"id": "704239926", "price": 2.0372, "amount": 11.0, "side": "buy", "timestamp": 1764999453258}, {"id": "704239927", "price": 2.0371, "amount": 38.8, "side": "sell", "timestamp": 1764999454087}, {"id": "704239928", "price": 2.0371, "amount": 18.8, "side": "sell", "timestamp": 1764999454762}, {"id": "704239929", "price": 2.0372, "amount": 168.1, "side": "buy", "timestamp": 1764999455308}, {"id": "704239930", "price": 2.0372, "amount": 90.7, "side": "buy", "timestamp": 1764999455439}, {"id": "704239931", "price": 2.0373, "amount": 726.6, "side": "buy", "timestamp": 1764999459891}, {"id": "704239932", "price": 2.0373, "amount": 25.3, "side": "buy", "timestamp": 1764999460259}, {"id": "704239933", "price": 2.0372, "amount": 55.8, "side": "sell", "timestamp": 1764999462732}, {"id": "704239934", "price": 2.0373, "amount": 423.4, "side": "buy", "timestamp": 1764999463293}, {"id": "704239935", "price": 2.0374, "amount": 6.2, "side": "buy", "timestamp": 1764999464791}, {"id": "704239936", "price": 2.0374, "amount": 4808.4, "side": "buy", "timestamp": 1764999465043}, {"id": "704239937", "price": 2.0375, "amount": 5456.2, "side": "buy", "timestamp": 1764999465043}, {"id": "704239938", "price": 2.0376, "amount": 6.5, "side": "buy", "timestamp": 1764999465134}, {"id": "704239939", "price": 2.0376, "amount": 27.4, "side": "buy", "timestamp": 1764999465657}, {"id": "704239940", "price": 2.0376, "amount": 21.2, "side": "buy", "timestamp": 1764999467097}, {"id": "704239941", "price": 2.0375, "amount": 5.9, "side": "sell", "timestamp": 1764999467663}, {"id": "704239942", "price": 2.0376, "amount": 3.0, "side": "buy", "timestamp": 1764999468663}, {"id": "704239943", "price": 2.0376, "amount": 3.9, "side": "buy", "timestamp": 1764999469069}, {"id": "704239944", "price": 2.0376, "amount": 3.2, "side": "buy", "timestamp": 1764999469721}, {"id": "704239945", "price": 2.0375, "amount": 490.7, "side": "sell", "timestamp": 1764999469727}, {"id": "704239946", "price": 2.0375, "amount": 15.2, "side": "sell", "timestamp": 1764999469839}, {"id": "704239947", "price": 2.0376, "amount": 3.0, "side": "buy", "timestamp": 1764999470676}, {"id": "704239948", "price": 2.0376, "amount": 6.7, "side": "buy", "timestamp": 1764999471064}, {"id": "704239949", "price": 2.0375, "amount": 3.4, "side": "sell", "timestamp": 1764999471337}, {"id": "704239950", "price": 2.0376, "amount": 3.2, "side": "buy", "timestamp": 1764999472683}, {"id": "704239951", "price": 2.0376, "amount": 657.0, "side": "buy", "timestamp": 1764999473246}, {"id": "704239952", "price": 2.0375, "amount": 9.1, "side": "sell", "timestamp": 1764999474483}, {"id": "704239953", "price": 2.0376, "amount": 18.2, "side": "buy", "timestamp": 1764999475721}, {"id": "704240004", "price": 2.0384, "amount": 4453.5, "side": "buy", "timestamp": 1764999499278}, {"id": "704240005", "price": 2.0385, "amount": 617.1, "side": "buy", "timestamp": 1764999499977}, {"id": "704240006", "price": 2.0384, "amount": 0.8, "side": "sell", "timestamp": 1764999503119}, {"id": "704240007", "price": 2.0384, "amount": 5.9, "side": "sell", "timestamp": 1764999503661}, {"id": "704240008", "price": 2.0385, "amount": 1955.7, "side": "buy", "timestamp": 1764999504168}, {"id": "704240009", "price": 2.0385, "amount": 7.1, "side": "buy", "timestamp": 1764999504734}, {"id": "704240010", "price": 2.0385, "amount": 959.0, "side": "buy", "timestamp": 1764999504847}, {"id": "704240011", "price": 2.0386, "amount": 568.9, "side": "buy", "timestamp": 1764999504847}, {"id": "704240012", "price": 2.0385, "amount": 392.6, "side": "sell", "timestamp": 1764999506402}, {"id": "704240013", "price": 2.0386, "amount": 18.4, "side": "buy", "timestamp": 1764999506681}, {"id": "704240014", "price": 2.0386, "amount": 2.5, "side": "buy", "timestamp": 1764999507428}, {"id": "704240015", "price": 2.0386, "amount": 3.7, "side": "buy", "timestamp": 1764999507704}, {"id": "704240016", "price": 2.0386, "amount": 2.9, "side": "buy", "timestamp": 1764999508207}, {"id": "704240017", "price": 2.0386, "amount": 3.9, "side": "buy", "timestamp": 1764999508332}, {"id": "704240018", "price": 2.0385, "amount": 34.9, "side": "sell", "timestamp": 1764999508435}, {"id": "704240019", "price": 2.0385, "amount": 2.6, "side": "sell", "timestamp": 1764999508584}, {"id": "704240020", "price": 2.0385, "amount": 2.7, "side": "sell", "timestamp": 1764999508961}, {"id": "704240021", "price": 2.0386, "amount": 430.9, "side": "buy", "timestamp": 1764999510275}, {"id": "704240022", "price": 2.0386, "amount": 14.2, "side": "buy", "timestamp": 1764999510577}, {"id": "704240023", "price": 2.0386, "amount": 4.0, "side": "buy", "timestamp": 1764999510787}, {"id": "704240024", "price": 2.0386, "amount": 3.0, "side": "buy", "timestamp": 1764999512796}, {"id": "704240025", "price": 2.0385, "amount": 3.9, "side": "sell", "timestamp": 1764999513481}, {"id": "704240026", "price": 2.0386, "amount": 5.4, "side": "buy", "timestamp": 1764999514135}, {"id": "704240027", "price": 2.0385, "amount": 7.4, "side": "sell", "timestamp": 1764999514959}, {"id": "704240028", "price": 2.0385, "amount": 3.6, "side": "sell", "timestamp": 1764999515082}, {"id": "704240029", "price": 2.0386, "amount": 100.0, "side": "buy", "timestamp": 1764999515658}, {"id": "704240030", "price": 2.0386, "amount": 3.7, "side": "buy", "timestamp": 1764999515836}, {"id": "704240031", "price": 2.0385, "amount": 2.5, "side": "sell", "timestamp": 1764999516222}, {"id": "704240032", "price": 2.0386, "amount": 709.9, "side": "buy", "timestamp": 1764999516700}, {"id": "704240033", "price": 2.0387, "amount": 4.1, "side": "buy", "timestamp": 1764999516798}, {"id": "704240034", "price": 2.0387, "amount": 1506.8, "side": "buy", "timestamp": 1764999518507}, {"id": "704240035", "price": 2.0388, "amount": 98.0, "side": "buy", "timestamp": 1764999518839}, {"id": "704240036", "price": 2.0388, "amount": 3378.7, "side": "buy", "timestamp": 1764999519610}, {"id": "704240037", "price": 2.0388, "amount": 9.6, "side": "buy", "timestamp": 1764999520434}, {"id": "704240038", "price": 2.0388, "amount": 2.9, "side": "buy", "timestamp": 1764999520817}, {"id": "704240039", "price": 2.0387, "amount": 250.6, "side": "sell", "timestamp": 1764999521171}, {"id": "704240040", "price": 2.0388, "amount": 479.6, "side": "buy", "timestamp": 1764999521713}, {"id": "704240041", "price": 2.0389, "amount": 18.4, "side": "buy", "timestamp": 1764999521799}, {"id": "704240042", "price": 2.0389, "amount": 4.1, "side": "buy", "timestamp": 1764999522841}, {"id": "704240043", "price": 2.0388, "amount": 7.3, "side": "sell", "timestamp": 1764999522883}, {"id": "704240044", "price": 2.0389, "amount": 12.8, "side": "buy", "timestamp": 1764999523289}, {"id": "704240045", "price": 2.0389, "amount": 3.8, "side": "buy", "timestamp": 1764999523885}, {"id": "704240046", "price": 2.0389, "amount": 2.7, "side": "buy", "timestamp": 1764999524342}, {"id": "704240047", "price": 2.0389, "amount": 83.3, "side": "buy", "timestamp": 1764999524980}, {"id": "704240048", "price": 2.0389, "amount": 3.2, "side": "buy", "timestamp": 1764999525773}, {"id": "704240049", "price": 2.0388, "amount": 3.2, "side": "sell", "timestamp": 1764999525972}, {"id": "704240050", "price": 2.0389, "amount": 17.4, "side": "buy", "timestamp": 1764999526186}, {"id": "704240051", "price": 2.0389, "amount": 13.9, "side": "buy", "timestamp": 1764999526942}, {"id": "704240052", "price": 2.0389, "amount": 517.8, "side": "buy", "timestamp": 1764999527690}, {"id": "704240053", "price": 2.0389, "amount": 12.6, "side": "buy", "timestamp": 1764999527996}]